2812 4688
554 317 767 387 ..59-

85 511 146 594 qui
181 531 289 576 versus
324 516 459 596 excepto
494 512 597 597 primo
632 517 819 595 repetuntur
842 511 923 577 Aen.
940 511 1026 577 VIII.
1043 509 1095 577 43.
1139 511 1233 576 Hanc

87 616 313 679 narrationem
325 612 347 697 ¹)
376 614 506 681 exhibet
540 616 639 681 etiam
666 614 769 680 Varro
798 614 838 680 do
864 613 1094 682 1.1.v.144:
1130 614 1234 697 „Hinc

85 716 151 799 (so.
170 718 320 801 Lavinio)
343 725 417 803 post
442 720 575 801 triginta
598 738 699 812 annos
723 718 877 804 oppirlum
901 720 1037 785 alterum
1058 718 1232 784 conditum.

86 820 188 904 Alba,
213 821 247 887 id
271 822 312 888 ab
336 843 391 888 sue
416 821 495 889 alba
517 824 726 888 nominatum.
763 823 843 888 haec
859 845 876 889 e
893 825 967 889 navi
983 823 1114 888 Aeneae
1139 840 1233 907 quom

91 925 229 1006 fugisset
243 925 413 993 Lavinium
437 927 572 1008 triginta
594 928 680 1012 parit
695 945 819 1012 porcos
843 947 883 992 ex
905 926 966 992 hoc
989 925 1136 1011 prodigio
1154 933 1228 1010 post

86 1027 262 1094 Lavinium
290 1029 455 1095 conditum
485 1031 578 1094 annis
606 1030 740 1111 trigInta
768 1029 848 1094 baec
875 1031 951 1095 urbs
979 1029 1068 1096 facta
1095 1037 1230 1114 propter

87 1132 233 1199 colorem
260 1132 380 1199 suiset
405 1133 469 1198 loci
497 1139 648 1199 naturam
668 1133 755 1198 Alba
777 1133 875 1216 longa
902 1132 1010 1199 dicta“
1045 1140 1076 1198 et
1103 1134 1233 1199 Servius

87 1236 172 1303 Aen.
195 1236 219 1302 l.
241 1233 319 1303 270:
351 1237 530 1320 „Ascanius
553 1237 672 1303 Albam
700 1237 844 1303 condidit
872 1237 992 1303 dictam
1015 1237 1162 1319 Longam
1185 1237 1232 1302 ab

87 1341 218 1407 omine
241 1341 357 1407 albae
380 1359 522 1426 porcae
546 1347 692 1426 repertae
708 1341 759 1407 vel
782 1343 845 1407 situ
869 1342 1007 1406 civitatis
1022 1341 1073 1405 vel
1096 1341 1229 1426 prolixi·
1267 1341 1276 1360 '

88 1451 160 1510 tate
184 1443 307 1511 oollis“.

196 1547 441 1615 Vetustissimae
459 1550 581 1615 Rornae
597 1548 805 1634 simplicitate
821 1548 952 1634 depicta
965 1550 1013 1613 ita
1029 1548 1112 1614 hanc
1129 1556 1233 1614 totam

93 1658 221 1736 partem
237 1651 421 1737 Propertius
445 1653 617 1735 concludit,
640 1659 675 1718 ut
697 1653 779 1718 nihil
792 1652 948 1718 Romanis
970 1655 1112 1736 patrium
1134 1653 1232 1718 fuisse

93 1753 183 1821 dicat
206 1757 268 1821 nisi
291 1756 452 1841 uomen.²)

196 1859 344 1942 Sequitur
371 1860 475 1927 altera
504 1862 656 1926 carminis
683 1879 760 1945 pars
793 1881 856 1944 qua
889 1867 987 1945 poeta
1020 1861 1134 1945 patrus
1162 1858 1230 1925 deis

95 1983 168 2027 cum
191 1962 303 2029 Troiae
326 1965 499 2048 penatibus
522 1966 701 2030 coniunctis
729 1971 892 2050 posteram
917 1963 1174 2046 magnitudinem
1198 1971 1230 2029 ct

92 2068 273 2151 potentiam
296 2074 328 2132 et
350 2066 486 2149 gloriam
510 2069 623 2154 populi
638 2068 775 2133 Romani
798 2087 862 2133 non.
886 2067 1015 2152 quidem
1035 2076 1150 2151 ortam,
1174 2067 1231 2134 sed

93 2168 319 2236 confirmatam
348 2191 387 2236 ac
414 2173 573 2237 munitam
600 2192 669 2238 esse
703 2174 845 2257 exponit.
890 2170 980 2249 Quod
1008 2178 1231 2254 argumentum

95 2293 168 2338 cum
191 2273 353 2356 Vergilius
382 2277 503 2361 primus
526 2275 671 2341 Aeneide
695 2277 942 2342 conformaverit
969 2298 1007 2341 ac
1035 2277 1230 2357 tractaverit,

95 2376 171 2442 inde
205 2379 280 2461 quin
315 2376 499 2464 Propertius
533 2381 717 2465 sumpserit,
753 2379 893 2445 dubItari
927 2399 991 2444 non
1020 2386 1140 2464 potest;
1175 2378 1231 2445 sed

96 2499 161 2546 non
184 2483 289 2547 minus
313 2483 380 2547 eius
401 2485 509 2548 auimo
526 2483 757 2548 obversabatur
772 2482 889 2548 Tibulli
905 2504 1035 2549 carmen
1059 2482 1099 2547 ll.
1116 2480 1146 2565 5,
1170 2502 1231 2566 quo

94 2583 134 2650 de
157 2583 282 2670 Sibylla
306 2588 411 2668 agitur
438 2588 686 2671 praenuntiante
709 2586 854 2652 Aeneam
888 2594 920 2651 et
942 2586 1054 2652 Troiae
1089 2586 1164 2651 deos
1197 2588 1230 2650 in

92 2687 224 2754 ltaliam
259 2688 452 2755 adventuros
486 2711 566 2756 esse.
611 2689 723 2773 Itaque
751 2690 834 2773 quod
868 2691 1066 2775 Propertius,
1099 2698 1133 2754 ut
1166 2692 1230 2754 iam

98 2793 203 2876 initio,
226 2795 418 2878 praecipiat,
442 2793 517 2877 quid
540 2800 609 2859 tota
631 2801 724 2879 parto
746 2784 833 2875 veIIt,
857 2794 1013 2880 explicat:

243 2897 305 2962 huc
328 2898 441 2963 melius
464 2898 647 2983 profugos
670 2899 794 2978 mIsisti,
817 2897 921 2979 Troia,
945 2904 1080 2982 penates

92 2999 154 3064 hoc
187 3001 343 3085 imprimis
376 3001 418 3068 ad
440 3000 601 3067 llbullum
627 2999 843 3066 revocandum
870 3021 940 3067 esse
975 3002 1077 3086 prImo
1112 3001 1224 3065 obtutu

94 3109 215 3168 certum
237 3103 372 3187 videtur,
396 3107 442 3171 ita
465 3105 672 3171 scribentem:

203 3380 223 3448 ¹)
242 3377 324 3433 Nulla
341 3377 422 3431 huius
441 3377 549 3432 fabulae
568 3379 673 3432 ratione
690 3378 785 3432 habita
804 3377 912 3431 disserit
930 3378 1022 3431 livius
1041 3378 1074 3431 de
1087 3377 1157 3431 Alba
1168 3377 1189 3433 l.
1201 3379 1231 3432 3:

96 3465 246 3526 „Ascanius
259 3497 292 3504 -
305 3481 403 3518 novam
422 3465 481 3534 ipse
500 3465 579 3518 alium
599 3465 649 3520 sub
662 3465 767 3520 Albano
786 3468 877 3518 moute
896 3463 1025 3529 condidit,
1045 3480 1114 3534 quae
1127 3463 1161 3518 ab
1175 3463 1230 3516 siu

95 3554 235 3620 porrectae
253 3551 279 3605 iu
299 3551 380 3605 dorso
400 3551 473 3606 urbis
492 3551 563 3606 Alba
580 3552 675 3622 Longa
693 3551 840 3621 appellata.

197 3655 220 3725 ἵ)
239 3655 273 3712 ci.
291 3655 376 3710 Varro
396 3655 429 3709 de
447 3655 464 3712 l.
478 3655 494 3708 l.
509 3654 577 3722 VIII,
597 3659 642 3712 18:
663 3696 777 3719 „....
797 3655 831 3710 ab
849 3654 964 3709 Romulo
975 3654 1073 3722 Roma,
1092 3657 1126 3710 ab
1147 3656 1231 3710 Roma

96 3740 259 3797 Romanus&
288 3743 389 3796 Tamen
407 3741 528 3796 nonnulli
548 3742 693 3796 offendisse
706 3742 830 3796 videntur
849 3743 875 3795 iu
894 3741 947 3795 hoo
965 3741 1127 3812 veriloquio;
1146 3742 1231 3796 Varro

96 3828 165 3881 enirn
184 3830 297 3898 exponIt
315 3829 348 3883 de
366 3829 383 3887 1.
397 3829 416 3885 l.
427 3828 472 3896 IX,
490 3831 536 3885 50:
561 3829 606 3898 qui
626 3828 733 3894 dicunt,
752 3829 824 3899 quod
844 3828 880 3881 srt
899 3828 932 3882 ab
952 3827 1066 3882 Romulo
1085 3828 1184 3894 Roma,
1204 3832 1231 3882 et

98 3932 152 3968 nou
176 3914 292 3969 Romula
319 3919 369 3969 etc.
406 3914 477 3969 Huic
504 3916 656 3986 quaestioni
685 3915 832 3985 respondet
849 3914 961 3968 Paullus
984 3932 1010 3984 p.
1029 3916 1092 3970 268:
1120 3915 1233 3970 Romrm

97 4002 228 4056 Romulus
248 4002 281 4055 de
300 4019 349 4056 suo
368 4003 475 4056 nomiae
493 4002 650 4072 appellavit,
669 4002 716 4056 sed
736 4002 795 4055 ideo
814 4003 936 4066 Romam,
960 4018 1015 4056 non
1033 4001 1182 4068 Romulam,
1201 4004 1232 4055 ut

100 4088 231 4160 ampliore
250 4088 373 4142 vocabuli
393 4088 545 4158 significatu
565 4088 738 4161 prosperiora
756 4089 861 4158 patriae
879 4104 944 4142 suae
963 4088 1150 4146 ominaretur.
