2812 4688
599 345 812 416 ,39-

240 541 317 609 Plus
343 543 503 629 pertinere
530 539 656 606 videtur
689 539 731 606 ad
765 547 907 605 nostram
931 543 1162 628 quaestionem,
1190 548 1275 631 quod

131 646 265 713 Servius
287 646 385 712 refert
407 645 459 712 ad.
483 645 564 712 Aen.
581 642 666 709 VIII.
684 640 761 710 190:
790 641 935 725 „Veritas
962 650 1073 711 tamen
1100 649 1274 718 secundum

133 750 319 837 philologos
353 756 386 816 et
418 749 585 815 historicos
612 748 672 813 lroe
695 748 806 831 habet,
840 747 925 813 hunc
959 769 1002 815 so.
1027 749 1146 818 Cacum
1178 755 1276 822 fuisse

131 852 283 922 Evandri
304 854 534 937 nequissimum
556 873 682 920 servum
698 872 737 918 ac
752 852 881 918 inrem“.
892 850 916 936 ¹)
950 850 1034 920 Nam
1049 854 1226 943 Propertio
1250 861 1276 926 si

132 957 336 1044 „philologos
364 964 396 1023 et
422 957 607 1023 lristorieos“
635 963 762 1022 secutus
789 953 911 1021 Cacum
937 957 972 1022 in
999 957 1183 1027 domesticis
1211 963 1277 1031 Eu-

134 1059 233 1128 andri
267 1061 450 1126 hominibus
483 1060 684 1142 numerabat,
718 1058 844 1141 licebat
871 1058 988 1144 dicere,
1015 1061 1136 1129 Cacum
1169 1065 1278 1154 hospi·

131 1167 229 1247 tium,
253 1163 338 1251 quod
361 1172 431 1231 erat
453 1165 537 1229 inter
559 1171 685 1250 patrem
707 1163 848 1228 familias
871 1171 903 1230 et
925 1163 1105 1250 Herculem,
1128 1170 1275 1238 violasse.

132 1267 261 1336 Tamen
288 1268 350 1334 hae
379 1287 501 1352 quoque
534 1268 800 1353 interpretatione
833 1265 1008 1335 difficultas
1041 1288 1107 1335 non
1140 1273 1276 1357 tollitur;

132 1393 218 1439 nam
242 1392 316 1437 cum
337 1371 523 1458 Propertius
546 1372 764 1437 narrationem
786 1371 947 1438 instituat:

525 1474 655 1556 „Incola
676 1473 780 1540 Cacus
808 1476 894 1541 erat“

131 1581 220 1647 satis
237 1577 378 1644 dilucide
394 1577 566 1662 significat,
582 1599 616 1646 se
631 1577 820 1644 Euandrum
835 1579 1005 1663 neglegere
1019 1582 1112 1649 velle.
1146 1584 1209 1652 Sed
1225 1607 1279 1653 ac-

131 1682 229 1751 cedit
254 1682 320 1748 alia
342 1703 402 1766 res,
427 1703 490 1767 qua
513 1682 661 1749 dissentit
676 1703 696 1747 a
713 1684 827 1748 ceteris
850 1684 1042 1753 auctoribus.
1080 1687 1296 1775 Quamquam,

131 1788 230 1853 enim
254 1786 343 1852 lama
371 1789 505 1872 antiqua
527 1786 703 1870 eademque
725 1785 868 1869 vulgaris
895 1796 974 1872 erat,
1001 1789 1170 1859 Herculem
1193 1794 1278 1861 Caco

130 1890 313 1957 interiecto
341 1890 442 1957 Aram
476 1890 654 1956 Maximam
687 1892 904 1975 constituisse,
937 1899 1034 1979 poeta
1067 1895 1119 1962 hic
1151 1892 1280 1983 quidem

132 1996 236 2062 huius
260 1993 367 2061 famae
390 1993 543 2078 oblitus2)
566 1992 738 2060 Herculem
764 2001 839 2080 post
866 1995 999 2063 eaedem
1022 1999 1157 2068 latronis
1185 2003 1281 2071 boves

132 2098 360 2165 dimittentem
393 2098 497 2164 forum
526 2097 680 2164 Boarium
714 2097 756 2164 ab
790 2099 829 2164 iis
864 2101 1048 2188 appellasse
1076 2111 1108 2171 et
1135 2109 1281 2176 sanxisse

131 2202 292 2289 exponit:

181 2327 214 2370 v.
240 2301 296 2371 16:
608 2312 640 2370 et
661 2305 794 2375 Alcides
816 2308 863 2375 sie
887 2310 947 2376 ait:
971 2310 1016 2377 ite
1038 2310 1180 2396 boves‚³)

310 2405 456 2474 Herculis
476 2410 520 2475 ite
543 2408 649 2492 boves,
672 2418 802 2478 nostrae
825 2411 917 2479 labor
939 2414 1051 2481 ultime
1073 2416 1197 2501 clavae,

311 2510 361 2577 bis
383 2511 461 2577 mihi
484 2514 661 2597 quaesitae,
685 2513 734 2580 bis
757 2535 831 2581 mea
852 2515 986 2602 praeda,
1010 2519 1116 2603 boves,

310 2634 450 2699 arvaque
472 2618 595 2699 mugitu
618 2619 743 2684 sancite
766 2618 879 2685 boaria
901 2620 1013 2705 longo:

311 2718 420 2785 nobile
443 2719 504 2785 erit
525 2719 648 2786 Romae
671 2741 794 2806 pascua
816 2730 924 2790 vestra
946 2724 1060 2792 forum.

134 2825 233 2902 Quae
267 2823 461 2888 narrationis
494 2825 656 2909 peroratio
690 2832 873 2911 opportuna
906 2828 1034 2912 quidem
1068 2829 1125 2896 sed
1154 2852 1283 2918 prorsus

138 3015 352 3028 ‚-..-.....-.

248 3117 271 3184 ¹)
306 3116 339 3171 cf.
359 3115 485 3170 Aurelius
503 3115 596 3172 Victor
614 3118 647 3172 de
665 3119 733 3190 orig.
752 3123 824 3190 gent.
843 3120 919 3176 Rom.
939 3138 962 3181 c.
976 3121 1028 3182 Vlz
1046 3123 1150 3187 „Cacus
1164 3124 1284 3180 Euandri

137 3218 262 3260 servus
280 3202 418 3273 nequitiae
430 3205 555 3258 versutus
568 3206 596 3258 et
607 3209 716 3274 praeter
729 3210 819 3262 cetera
832 3207 1017 3265 furacissimus
1036 3210 1171 3266 Recarani
1190 3210 1282 3283 hospi·

137 3291 179 3345 tis
198 3289 282 3344 boves
301 3288 452 3359 subripuit“
472 3292 523 3346 etc.

249 3392 273 3462 ²)
308 3392 370 3447 Alio
384 3392 444 3448 loco
457 3392 565 3464 alioque
583 3396 777 3452 sententiarum
796 3414 918 3453 connexu
937 3403 1019 3470 poeta
1037 3417 1100 3455 arae
1120 3401 1285 3457 constitutae

139 3479 320 3536 reminiscens
337 3479 371 3533 de
389 3494 421 3533 ea
439 3479 591 3549 praedicat:

257 3634 260 3639 .
302 3566 348 3621 67:
366 3565 485 3619 maxima
503 3582 573 3636 quae
591 3568 717 3638 gregibus
736 3570 835 3626 devota
853 3575 895 3627 est
913 3589 962 3629 ara
978 3573 1102 3643 repertis,

366 3668 415 3705 ara
432 3667 480 3722 per
497 3652 556 3719 has,
575 3653 671 3727 inquit,
690 3658 809 3712 maxima
826 3659 901 3713 lacta
918 3675 1021 3716 manus.

142 3738 181 3794 ef.
194 3735 273 3808 Verg.
286 3737 353 3794 Aen.
365 3736 436 3796 VIII.
448 3738 513 3796 271:

365 3824 437 3880 hanc
455 3842 530 3881 aram
547 3826 609 3882 luco
627 3829 734 3897 statuit,
753 3846 824 3902 quae
841 3831 961 3888 maxima
979 3847 1083 3903 semper

280 3905 286 3911 “
367 3911 472 3967 dicetur
489 3913 576 3981 nobis,
595 3917 622 3971 et
640 3916 692 3970 erit
709 3932 780 3988 quae
798 3917 916 3974 maxima
933 3935 1048 3990 semper.

251 4015 274 4084 8)
311 4015 345 4069 cf.
358 4014 436 4086 Verg.
454 4016 513 4074 Ecl.
530 4017 587 4073 VII.
606 4019 655 4075 44:

368 4102 406 4157 ite
423 4103 532 4159 domum
549 4106 631 4176 pasti,
650 4105 674 4162 si
692 4107 753 4178 quis
771 4107 867 4179 pudor,
885 4108 923 4164 ite
940 4109 1055 4165 iuvenci.

621 4245 638 4309 Ι
719 4298 722 4303 .
