<?xml version="1.0" encoding="UTF-8"?>
<!DOCTYPE html PUBLIC "-//W3C//DTD XHTML 1.0 Transitional//EN"
    "http://www.w3.org/TR/xhtml1/DTD/xhtml1-transitional.dtd">
<html xmlns="http://www.w3.org/1999/xhtml" xml:lang="en" lang="en">
 <head>
  <title>
</title>
<meta http-equiv="Content-Type" content="text/html;charset=utf-8" />
  <meta name='ocr-system' content='tesseract 3.04.00' />
  <meta name='ocr-capabilities' content='ocr_page ocr_carea ocr_par ocr_line ocrx_word'/>
</head>
<body>
  <div class='ocr_page' id='page_1' title='image "./depropertiicarm00tuergoog_0061.png"; bbox 0 0 2812 4688; ppageno 0'>
   <div class='ocr_carea' id='block_1_1' title="bbox 589 327 840 397">
    <p class='ocr_par' dir='ltr' id='par_1_1' title="bbox 589 327 840 397">
     <span class='ocr_line' id='line_1_1' title="bbox 589 327 840 397; baseline 0.016 -20"><span class='ocrx_word' id='word_1_1' title='bbox 589 327 840 397; x_wconf 78' lang='lat'>..52-.</span> 
     </span>
    </p>
   </div>
   <div class='ocr_carea' id='block_1_2' title="bbox 131 514 1284 2370">
    <p class='ocr_par' dir='ltr' id='par_1_2' title="bbox 131 514 1277 1018">
     <span class='ocr_line' id='line_1_2' title="bbox 233 514 1276 611; baseline -0.001 -27"><span class='ocrx_word' id='word_1_2' title='bbox 233 517 358 584; x_wconf 87' lang='lat' dir='ltr'>Eodem</span> <span class='ocrx_word' id='word_1_3' title='bbox 381 525 530 604; x_wconf 86' lang='lat' dir='ltr'>spectant</span> <span class='ocrx_word' id='word_1_4' title='bbox 553 539 603 603; x_wconf 87' lang='lat' dir='ltr'>ea,</span> <span class='ocrx_word' id='word_1_5' title='bbox 626 539 708 604; x_wconf 84' lang='lat' dir='ltr'>quae</span> <span class='ocrx_word' id='word_1_6' title='bbox 724 518 829 585; x_wconf 87' lang='lat' dir='ltr'>altera</span> <span class='ocrx_word' id='word_1_7' title='bbox 849 524 944 611; x_wconf 84' lang='lat' dir='ltr'>parte</span> <span class='ocrx_word' id='word_1_8' title='bbox 966 516 1154 604; x_wconf 75' lang='lat' dir='ltr'>explicavit.</span> <span class='ocrx_word' id='word_1_9' title='bbox 1190 514 1276 584; x_wconf 87' lang='lat' dir='ltr'>Nam</span> 
     </span>
     <span class='ocr_line' id='line_1_3' title="bbox 133 614 1277 710; baseline 0.001 -23"><span class='ocrx_word' id='word_1_10' title='bbox 133 621 305 688; x_wconf 86' lang='lat' dir='ltr'>Romulum</span> <span class='ocrx_word' id='word_1_11' title='bbox 332 628 365 687; x_wconf 91' lang='lat' dir='ltr'>et</span> <span class='ocrx_word' id='word_1_12' title='bbox 392 621 542 705; x_wconf 81' lang='lat' dir='ltr'>Remum,</span> <span class='ocrx_word' id='word_1_13' title='bbox 576 622 664 689; x_wconf 91' lang='lat' dir='ltr'>urbis</span> <span class='ocrx_word' id='word_1_14' title='bbox 698 614 894 706; x_wconf 86' lang='lat' dir='ltr'>conditores,</span> <span class='ocrx_word' id='word_1_15' title='bbox 928 623 1015 709; x_wconf 91' lang='lat' dir='ltr'>ipsos</span> <span class='ocrx_word' id='word_1_16' title='bbox 1049 622 1277 710; x_wconf 88' lang='lat' dir='ltr'>pauperrimos</span> 
     </span>
     <span class='ocr_line' id='line_1_4' title="bbox 131 718 1277 813; baseline 0.003 -23"><span class='ocrx_word' id='word_1_17' title='bbox 131 744 304 809; x_wconf 87' lang='lat' dir='ltr'>eorumque</span> <span class='ocrx_word' id='word_1_18' title='bbox 328 746 438 792; x_wconf 87' lang='lat' dir='ltr'>casam</span> <span class='ocrx_word' id='word_1_19' title='bbox 465 726 635 813; x_wconf 82' lang='lat' dir='ltr'>parvulam</span> <span class='ocrx_word' id='word_1_20' title='bbox 664 725 1004 811; x_wconf 71' lang='lat' dir='ltr'>atqne‘humillimam</span> <span class='ocrx_word' id='word_1_21' title='bbox 1026 726 1141 810; x_wconf 85' lang='lat' dir='ltr'>luisse,</span> <span class='ocrx_word' id='word_1_22' title='bbox 1158 718 1277 809; x_wconf 70' lang='lat' dir='ltr'>&#39;signi-</span> 
     </span>
     <span class='ocr_line' id='line_1_5' title="bbox 131 825 1173 897; baseline -0.001 -1"><span class='ocrx_word' id='word_1_23' title='bbox 131 829 209 896; x_wconf 90' lang='lat' dir='ltr'>ficat</span> <span class='ocrx_word' id='word_1_24' title='bbox 233 831 353 897; x_wconf 89' lang='lat' dir='ltr'>verbis:</span> <span class='ocrx_word' id='word_1_25' title='bbox 777 878 781 885; x_wconf 79' lang='lat'><em>-</em></span> <span class='ocrx_word' id='word_1_26' title='bbox 957 825 989 889; x_wconf 79' lang='grc'>’.</span> <span class='ocrx_word' id='word_1_27' title='bbox 1019 846 1023 857; x_wconf 93' lang='grc'><em>·</em></span> <span class='ocrx_word' id='word_1_28' title='bbox 1063 856 1066 861; x_wconf 96' lang='grc'><strong><em>·</em></strong></span> <span class='ocrx_word' id='word_1_29' title='bbox 1166 840 1173 849; x_wconf 89' lang='grc'><strong>“</strong></span> 
     </span>
     <span class='ocr_line' id='line_1_6' title="bbox 259 932 1173 1018; baseline 0.002 -20"><span class='ocrx_word' id='word_1_30' title='bbox 259 954 339 1018; x_wconf 89' lang='lat' dir='ltr'>„qua</span> <span class='ocrx_word' id='word_1_31' title='bbox 361 933 514 1017; x_wconf 85' lang='lat' dir='ltr'>gradibus</span> <span class='ocrx_word' id='word_1_32' title='bbox 537 933 649 999; x_wconf 91' lang='lat' dir='ltr'>domus</span> <span class='ocrx_word' id='word_1_33' title='bbox 672 935 736 1000; x_wconf 87' lang='lat' dir='ltr'>ista</span> <span class='ocrx_word' id='word_1_34' title='bbox 758 933 849 1000; x_wconf 83' lang='lat' dir='ltr'>Remi</span> <span class='ocrx_word' id='word_1_35' title='bbox 873 953 908 1000; x_wconf 91' lang='lat' dir='ltr'>se</span> <span class='ocrx_word' id='word_1_36' title='bbox 930 934 1069 1016; x_wconf 79' lang='lat' dir='ltr'>sustulit,</span> <span class='ocrx_word' id='word_1_37' title='bbox 1092 932 1173 1000; x_wconf 90' lang='lat' dir='ltr'>olim</span> 
     </span>
    </p>

    <p class='ocr_par' dir='ltr' id='par_1_3' title="bbox 133 1038 1284 2370">
     <span class='ocr_line' id='line_1_7' title="bbox 257 1038 1020 1121; baseline -0.003 -18"><span class='ocrx_word' id='word_1_38' title='bbox 257 1060 338 1105; x_wconf 92' lang='lat' dir='ltr'>unus</span> <span class='ocrx_word' id='word_1_39' title='bbox 362 1045 432 1105; x_wconf 86' lang='lat' dir='ltr'>erat</span> <span class='ocrx_word' id='word_1_40' title='bbox 456 1038 590 1104; x_wconf 83' lang='lat' dir='ltr'>fratrum</span> <span class='ocrx_word' id='word_1_41' title='bbox 614 1040 758 1105; x_wconf 83' lang='lat' dir='ltr'>maxima</span> <span class='ocrx_word' id='word_1_42' title='bbox 779 1060 880 1121; x_wconf 80' lang='lat' dir='ltr'>regna</span> <span class='ocrx_word' id='word_1_43' title='bbox 903 1038 1020 1104; x_wconf 75' lang='lat' dir='ltr'>focus“.</span> 
     </span>
     <span class='ocr_line' id='line_1_8' title="bbox 133 1137 1278 1227; baseline -0.001 -21"><span class='ocrx_word' id='word_1_44' title='bbox 133 1140 258 1207; x_wconf 86' lang='lat' dir='ltr'>Eadem</span> <span class='ocrx_word' id='word_1_45' title='bbox 287 1141 327 1206; x_wconf 90' lang='lat' dir='ltr'>de</span> <span class='ocrx_word' id='word_1_46' title='bbox 350 1140 478 1206; x_wconf 91' lang='lat' dir='ltr'>Romuli</span> <span class='ocrx_word' id='word_1_47' title='bbox 501 1140 656 1226; x_wconf 89' lang='lat' dir='ltr'>Remiquc</span> <span class='ocrx_word' id='word_1_48' title='bbox 684 1141 872 1207; x_wconf 88' lang='lat' dir='ltr'>condicione</span> <span class='ocrx_word' id='word_1_49' title='bbox 894 1140 995 1208; x_wconf 86' lang='lat' dir='ltr'>tradit</span> <span class='ocrx_word' id='word_1_50' title='bbox 1016 1140 1150 1227; x_wconf 85' lang='lat' dir='ltr'>Dionys.</span> <span class='ocrx_word' id='word_1_51' title='bbox 1176 1139 1203 1207; x_wconf 91' lang='lat' dir='ltr'>I.</span> <span class='ocrx_word' id='word_1_52' title='bbox 1220 1137 1278 1207; x_wconf 81' lang='lat'>79:</span> 
     </span>
     <span class='ocr_line' id='line_1_9' title="bbox 134 1226 1282 1333; baseline -0.003 -22"><span class='ocrx_word' id='word_1_53' title='bbox 134 1244 241 1320; x_wconf 73' lang='grc' dir='ltr'><em>αὐτοῖς</em></span> <span class='ocrx_word' id='word_1_54' title='bbox 267 1226 310 1333; x_wconf 70' lang='grc' dir='ltr'><em>ἦν</em></span> <span class='ocrx_word' id='word_1_55' title='bbox 338 1245 443 1310; x_wconf 81' lang='grc' dir='ltr'><strong><em>δίαιτα</em></strong></span> <span class='ocrx_word' id='word_1_56' title='bbox 470 1243 646 1330; x_wconf 81' lang='grc' dir='ltr'><em>αότούργός</em></span> <span class='ocrx_word' id='word_1_57' title='bbox 673 1241 709 1310; x_wconf 82' lang='grc' dir='ltr'><em>ἐν</em></span> <span class='ocrx_word' id='word_1_58' title='bbox 735 1241 829 1331; x_wconf 80' lang='grc' dir='ltr'><strong><em>ὄρεσι</em></strong></span> <span class='ocrx_word' id='word_1_59' title='bbox 861 1242 900 1311; x_wconf 79' lang='grc' dir='ltr'>τό</span> <span class='ocrx_word' id='word_1_60' title='bbox 926 1242 1035 1311; x_wconf 76' lang='grc' dir='ltr'><em>πολλὰ</em></span> <span class='ocrx_word' id='word_1_61' title='bbox 1069 1245 1282 1330; x_wconf 78' lang='grc' dir='ltr'><em>πηξαμένοις</em></span> 
     </span>
     <span class='ocr_line' id='line_1_10' title="bbox 134 1333 1283 1436; baseline -0.003 -21"><span class='ocrx_word' id='word_1_62' title='bbox 134 1348 188 1416; x_wconf 80' lang='grc' dir='ltr'>διαὶ</span> <span class='ocrx_word' id='word_1_63' title='bbox 213 1345 318 1428; x_wconf 86' lang='grc' dir='ltr'><em>ξύλων</em></span> <span class='ocrx_word' id='word_1_64' title='bbox 343 1349 398 1414; x_wconf 83' lang='grc' dir='ltr'>καὶ</span> <span class='ocrx_word' id='word_1_65' title='bbox 423 1347 577 1433; x_wconf 81' lang='grc' dir='ltr'><em>καλάμων</em></span> <span class='ocrx_word' id='word_1_66' title='bbox 605 1347 726 1436; x_wconf 83' lang='grc' dir='ltr'><em>σκηνοὶς</em></span> <span class='ocrx_word' id='word_1_67' title='bbox 753 1346 969 1435; x_wconf 81' lang='grc' dir='ltr'><em>αότοφόρονς·</em></span> <span class='ocrx_word' id='word_1_68' title='bbox 1005 1333 1050 1413; x_wconf 78' lang='grc' dir='ltr'><em>ὧν</em></span> <span class='ocrx_word' id='word_1_69' title='bbox 1078 1345 1125 1414; x_wconf 80' lang='grc' dir='ltr'>ἔτι</span> <span class='ocrx_word' id='word_1_70' title='bbox 1151 1345 1212 1413; x_wconf 85' lang='grc' dir='ltr'>καὶ</span> <span class='ocrx_word' id='word_1_71' title='bbox 1234 1347 1283 1423; x_wconf 81' lang='grc' dir='ltr'>εἷς</span> 
     </span>
     <span class='ocr_line' id='line_1_11' title="bbox 136 1437 1283 1541; baseline 0 -22"><span class='ocrx_word' id='word_1_72' title='bbox 136 1451 195 1537; x_wconf 81' lang='grc' dir='ltr'><em>ε’μὲ</em></span> <span class='ocrx_word' id='word_1_73' title='bbox 218 1437 261 1539; x_wconf 73' lang='grc' dir='ltr'><em>ἦν</em></span> <span class='ocrx_word' id='word_1_74' title='bbox 283 1477 330 1528; x_wconf 85' lang='grc' dir='ltr'>ως</span> <span class='ocrx_word' id='word_1_75' title='bbox 353 1451 388 1519; x_wconf 75' lang='grc' dir='ltr'>ἐκ</span> <span class='ocrx_word' id='word_1_76' title='bbox 411 1455 468 1519; x_wconf 82' lang='grc' dir='ltr'>τοῦ</span> <span class='ocrx_word' id='word_1_77' title='bbox 491 1453 678 1520; x_wconf 81' lang='grc' dir='ltr'><em>Παλαντίοο</em></span> <span class='ocrx_word' id='word_1_78' title='bbox 707 1451 765 1519; x_wconf 82' lang='grc' dir='ltr'>ἐπὶ</span> <span class='ocrx_word' id='word_1_79' title='bbox 786 1454 845 1541; x_wconf 77' lang='grc' dir='ltr'>τῆς</span> <span class='ocrx_word' id='word_1_80' title='bbox 872 1451 957 1538; x_wconf 85' lang='grc' dir='ltr'><em>πρός</em></span> <span class='ocrx_word' id='word_1_81' title='bbox 978 1450 1034 1520; x_wconf 84' lang='grc' dir='ltr'><em>τόν</em></span> <span class='ocrx_word' id='word_1_82' title='bbox 1062 1449 1283 1537; x_wconf 79' lang='grc' dir='ltr'><em>ἱππόδρομον</em></span> 
     </span>
     <span class='ocr_line' id='line_1_12' title="bbox 135 1553 1284 1647; baseline -0.002 -26"><span class='ocrx_word' id='word_1_83' title='bbox 135 1554 341 1643; x_wconf 80' lang='grc' dir='ltr'><em>στρεφούσης</em></span> <span class='ocrx_word' id='word_1_84' title='bbox 355 1553 491 1640; x_wconf 81' lang='grc' dir='ltr'><em>λαγόνος</em></span> <span class='ocrx_word' id='word_1_85' title='bbox 504 1554 670 1640; x_wconf 81' lang='grc' dir='ltr'><em>Ῥωμύλου</em></span> <span class='ocrx_word' id='word_1_86' title='bbox 692 1558 849 1644; x_wconf 80' lang='grc' dir='ltr'><em>λεγομένη</em></span> <span class='ocrx_word' id='word_1_87' title='bbox 874 1553 920 1647; x_wconf 70' lang='grc' dir='ltr'><em>ἢν</em></span> <span class='ocrx_word' id='word_1_88' title='bbox 942 1554 1171 1642; x_wconf 79' lang='grc' dir='ltr'><em>φυλάσσουσαν</em></span> <span class='ocrx_word' id='word_1_89' title='bbox 1188 1553 1284 1643; x_wconf 78' lang='grc' dir='ltr'><em>ἱερὰν</em></span> 
     </span>
     <span class='ocr_line' id='line_1_13' title="bbox 134 1651 1283 1749; baseline 0 -23"><span class='ocrx_word' id='word_1_90' title='bbox 134 1651 184 1736; x_wconf 78' lang='grc' dir='ltr'>οἷς</span> <span class='ocrx_word' id='word_1_91' title='bbox 205 1658 325 1726; x_wconf 83' lang='grc' dir='ltr'><em>τούτων</em></span> <span class='ocrx_word' id='word_1_92' title='bbox 353 1658 519 1742; x_wconf 80' lang='grc' dir='ltr'><em>ἐπιμελές.</em></span> <span class='ocrx_word' id='word_1_93' title='bbox 554 1661 660 1746; x_wconf 82' lang='lat' dir='ltr'>Atque</span> <span class='ocrx_word' id='word_1_94' title='bbox 682 1661 912 1749; x_wconf 85' lang='lat' dir='ltr'>Propertiauae</span> <span class='ocrx_word' id='word_1_95' title='bbox 935 1660 1048 1728; x_wconf 90' lang='lat' dir='ltr'>domus</span> <span class='ocrx_word' id='word_1_96' title='bbox 1066 1660 1200 1727; x_wconf 88' lang='lat' dir='ltr'>Romuli</span> <span class='ocrx_word' id='word_1_97' title='bbox 1224 1659 1283 1727; x_wconf 91' lang='lat' dir='ltr'>de·</span> 
     </span>
     <span class='ocr_line' id='line_1_14' title="bbox 135 1762 1284 1854; baseline -0.001 -24"><span class='ocrx_word' id='word_1_98' title='bbox 135 1767 304 1852; x_wconf 89' lang='lat' dir='ltr'>scriptioni</span> <span class='ocrx_word' id='word_1_99' title='bbox 328 1767 393 1830; x_wconf 92' lang='lat' dir='ltr'>iam</span> <span class='ocrx_word' id='word_1_100' title='bbox 408 1763 637 1832; x_wconf 89' lang='lat' dir='ltr'>Lachmannus</span> <span class='ocrx_word' id='word_1_101' title='bbox 660 1768 811 1854; x_wconf 88' lang='lat' dir='ltr'>apposuit</span> <span class='ocrx_word' id='word_1_102' title='bbox 837 1765 943 1832; x_wconf 89' lang='lat' dir='ltr'>locum</span> <span class='ocrx_word' id='word_1_103' title='bbox 971 1767 1025 1849; x_wconf 91' lang='lat' dir='ltr'>qui</span> <span class='ocrx_word' id='word_1_104' title='bbox 1053 1771 1162 1833; x_wconf 82' lang='lat' dir='ltr'>exstat</span> <span class='ocrx_word' id='word_1_105' title='bbox 1192 1762 1284 1852; x_wconf 91' lang='lat' dir='ltr'>apud</span> 
     </span>
     <span class='ocr_line' id='line_1_15' title="bbox 136 1864 1284 1956; baseline 0.001 -22"><span class='ocrx_word' id='word_1_106' title='bbox 136 1868 345 1935; x_wconf 83' lang='lat' dir='ltr'>Plutarchum</span> <span class='ocrx_word' id='word_1_107' title='bbox 373 1891 401 1934; x_wconf 93' lang='lat' dir='ltr'>v.</span> <span class='ocrx_word' id='word_1_108' title='bbox 424 1869 516 1934; x_wconf 89' lang='lat' dir='ltr'>Rom.</span> <span class='ocrx_word' id='word_1_109' title='bbox 540 1890 567 1936; x_wconf 89' lang='lat' dir='ltr'>n.</span> <span class='ocrx_word' id='word_1_110' title='bbox 592 1870 669 1936; x_wconf 84' lang='lat' dir='ltr'>XX:</span> <span class='ocrx_word' id='word_1_111' title='bbox 715 1865 795 1956; x_wconf 70' lang='grc' dir='ltr'>ᾤκει</span> <span class='ocrx_word' id='word_1_112' title='bbox 828 1865 865 1934; x_wconf 79' lang='grc' dir='ltr'>δὲ</span> <span class='ocrx_word' id='word_1_113' title='bbox 891 1866 1055 1952; x_wconf 86' lang='grc' dir='ltr'><em>Ῥωμύλος</em></span> <span class='ocrx_word' id='word_1_114' title='bbox 1081 1866 1176 1954; x_wconf 84' lang='grc' dir='ltr'><em>παραὶ</em></span> <span class='ocrx_word' id='word_1_115' title='bbox 1205 1864 1284 1943; x_wconf 80' lang='grc' dir='ltr'><em>τούς</em></span> 
     </span>
     <span class='ocr_line' id='line_1_16' title="bbox 135 1958 1283 2062; baseline 0.001 -27"><span class='ocrx_word' id='word_1_116' title='bbox 135 1972 329 2055; x_wconf 79' lang='grc' dir='ltr'><em>λεγομένους</em></span> <span class='ocrx_word' id='word_1_117' title='bbox 350 1970 503 2056; x_wconf 71' lang='grc' dir='ltr'><em>βαθμούς</em></span> <span class='ocrx_word' id='word_1_118' title='bbox 523 1974 627 2060; x_wconf 76' lang='grc' dir='ltr'><em>καλῆς</em></span> <span class='ocrx_word' id='word_1_119' title='bbox 649 1971 766 2061; x_wconf 79' lang='grc' dir='ltr'><em>α’κτῆς,</em></span> <span class='ocrx_word' id='word_1_120' title='bbox 788 1958 879 2041; x_wconf 72' lang='lat' dir='ltr'>osiaco</span> <span class='ocrx_word' id='word_1_121' title='bbox 901 1969 938 2039; x_wconf 78' lang='grc' dir='ltr'>δὲ</span> <span class='ocrx_word' id='word_1_122' title='bbox 962 1973 1027 2040; x_wconf 82' lang='grc' dir='ltr'><em>εἶσὶ</em></span> <span class='ocrx_word' id='word_1_123' title='bbox 1049 1971 1131 2058; x_wconf 85' lang='grc' dir='ltr'><em>περὶ</em></span> <span class='ocrx_word' id='word_1_124' title='bbox 1148 1970 1210 2062; x_wconf 74' lang='grc' dir='ltr'>νην</span> <span class='ocrx_word' id='word_1_125' title='bbox 1232 1971 1283 2047; x_wconf 83' lang='grc' dir='ltr'>εἷς</span> 
     </span>
     <span class='ocr_line' id='line_1_17' title="bbox 135 2073 1281 2162; baseline 0.003 -24"><span class='ocrx_word' id='word_1_126' title='bbox 135 2073 191 2140; x_wconf 85' lang='grc' dir='ltr'><em>τόν</em></span> <span class='ocrx_word' id='word_1_127' title='bbox 208 2073 418 2160; x_wconf 82' lang='grc' dir='ltr'><em>ἱππόδρομον</em></span> <span class='ocrx_word' id='word_1_128' title='bbox 440 2075 496 2142; x_wconf 82' lang='grc' dir='ltr'><em>τόν</em></span> <span class='ocrx_word' id='word_1_129' title='bbox 518 2079 618 2159; x_wconf 83' lang='grc' dir='ltr'><em>με’γαν</em></span> <span class='ocrx_word' id='word_1_130' title='bbox 635 2075 670 2142; x_wconf 80' lang='grc' dir='ltr'>ἐκ</span> <span class='ocrx_word' id='word_1_131' title='bbox 688 2078 875 2144; x_wconf 79' lang='grc' dir='ltr'><em>Παλαντίαν</em></span> <span class='ocrx_word' id='word_1_132' title='bbox 896 2074 1084 2162; x_wconf 79' lang='grc' dir='ltr'><em>κατάβασιν.</em></span> <span class='ocrx_word' id='word_1_133' title='bbox 1122 2077 1195 2156; x_wconf 78' lang='lat' dir='ltr'>Qua</span> <span class='ocrx_word' id='word_1_134' title='bbox 1222 2074 1281 2142; x_wconf 88' lang='lat' dir='ltr'>de·</span> 
     </span>
     <span class='ocr_line' id='line_1_18' title="bbox 138 2180 1283 2268; baseline 0.003 -25"><span class='ocrx_word' id='word_1_135' title='bbox 138 2180 320 2263; x_wconf 82' lang='lat' dir='ltr'>scriptionis</span> <span class='ocrx_word' id='word_1_136' title='bbox 343 2180 551 2246; x_wconf 88' lang='lat' dir='ltr'>similitudine</span> <span class='ocrx_word' id='word_1_137' title='bbox 568 2180 615 2264; x_wconf 90' lang='lat' dir='ltr'>id,</span> <span class='ocrx_word' id='word_1_138' title='bbox 639 2181 749 2266; x_wconf 89' lang='lat' dir='ltr'>credo,</span> <span class='ocrx_word' id='word_1_139' title='bbox 778 2184 947 2265; x_wconf 77' lang='lat' dir='ltr'>evincitur,</span> <span class='ocrx_word' id='word_1_140' title='bbox 974 2182 1178 2268; x_wconf 86' lang='lat' dir='ltr'>Propertium</span> <span class='ocrx_word' id='word_1_141' title='bbox 1207 2202 1283 2249; x_wconf 89' lang='lat' dir='ltr'>cam</span> 
     </span>
     <span class='ocr_line' id='line_1_19' title="bbox 138 2283 1283 2370; baseline 0.004 -23"><span class='ocrx_word' id='word_1_142' title='bbox 138 2303 248 2349; x_wconf 81' lang='lat' dir='ltr'>oasam</span> <span class='ocrx_word' id='word_1_143' title='bbox 269 2283 452 2366; x_wconf 82' lang='lat' dir='ltr'>significare</span> <span class='ocrx_word' id='word_1_144' title='bbox 467 2284 615 2368; x_wconf 90' lang='lat' dir='ltr'>voluisse,</span> <span class='ocrx_word' id='word_1_145' title='bbox 639 2306 721 2369; x_wconf 91' lang='lat' dir='ltr'>quac</span> <span class='ocrx_word' id='word_1_146' title='bbox 736 2293 807 2352; x_wconf 88' lang='lat' dir='ltr'>erat</span> <span class='ocrx_word' id='word_1_147' title='bbox 821 2289 855 2352; x_wconf 91' lang='lat' dir='ltr'>in</span> <span class='ocrx_word' id='word_1_148' title='bbox 870 2286 1017 2368; x_wconf 65' lang='lat' dir='ltr'>Palatinu</span> <span class='ocrx_word' id='word_1_149' title='bbox 1036 2286 1139 2352; x_wconf 89' lang='lat' dir='ltr'>aliam</span> <span class='ocrx_word' id='word_1_150' title='bbox 1154 2290 1283 2370; x_wconf 85' lang='lat' dir='ltr'>quicque</span> 
     </span>
    </p>
   </div>
   <div class='ocr_carea' id='block_1_3' title="bbox 139 2386 1288 3096">
    <p class='ocr_par' dir='ltr' id='par_1_4' title="bbox 139 2386 1285 2476">
     <span class='ocr_line' id='line_1_20' title="bbox 139 2386 1285 2476; baseline 0.003 -26"><span class='ocrx_word' id='word_1_151' title='bbox 139 2408 250 2452; x_wconf 89' lang='lat' dir='ltr'>casam</span> <span class='ocrx_word' id='word_1_152' title='bbox 272 2386 399 2452; x_wconf 86' lang='lat' dir='ltr'>Romuli</span> <span class='ocrx_word' id='word_1_153' title='bbox 424 2390 584 2455; x_wconf 87' lang='lat' dir='ltr'>exstitisse</span> <span class='ocrx_word' id='word_1_154' title='bbox 612 2391 645 2453; x_wconf 90' lang='lat' dir='ltr'>in</span> <span class='ocrx_word' id='word_1_155' title='bbox 673 2397 782 2456; x_wconf 90' lang='lat' dir='ltr'>monte</span> <span class='ocrx_word' id='word_1_156' title='bbox 805 2390 987 2476; x_wconf 86' lang='lat' dir='ltr'>Capitolino</span> <span class='ocrx_word' id='word_1_157' title='bbox 1011 2391 1117 2456; x_wconf 90' lang='lat' dir='ltr'>elucet</span> <span class='ocrx_word' id='word_1_158' title='bbox 1140 2411 1217 2455; x_wconf 92' lang='lat' dir='ltr'>cum</span> <span class='ocrx_word' id='word_1_159' title='bbox 1241 2410 1285 2456; x_wconf 84' lang='lat' dir='ltr'>ex</span> 
     </span>
    </p>

    <p class='ocr_par' dir='ltr' id='par_1_5' title="bbox 140 2491 966 2577">
     <span class='ocr_line' id='line_1_21' title="bbox 140 2491 966 2577; baseline 0.004 -20"><span class='ocrx_word' id='word_1_160' title='bbox 140 2491 212 2557; x_wconf 90' lang='lat' dir='ltr'>aliis</span> <span class='ocrx_word' id='word_1_161' title='bbox 235 2491 444 2577; x_wconf 86' lang='lat' dir='ltr'>scriptoribus</span> <span class='ocrx_word' id='word_1_162' title='bbox 466 2500 535 2557; x_wconf 93' lang='lat' dir='ltr'>tum</span> <span class='ocrx_word' id='word_1_163' title='bbox 557 2514 598 2558; x_wconf 85' lang='lat' dir='ltr'>ex</span> <span class='ocrx_word' id='word_1_164' title='bbox 621 2492 763 2576; x_wconf 89' lang='lat' dir='ltr'>Vergilio</span> <span class='ocrx_word' id='word_1_165' title='bbox 963 2533 966 2540; x_wconf 94' lang='lat'>-</span> 
     </span>
    </p>

    <p class='ocr_par' dir='ltr' id='par_1_6' title="bbox 160 2593 1285 2790">
     <span class='ocr_line' id='line_1_22' title="bbox 160 2593 1285 2684; baseline 0.006 -26"><span class='ocrx_word' id='word_1_166' title='bbox 160 2595 241 2661; x_wconf 85' lang='lat' dir='ltr'>Aen.</span> <span class='ocrx_word' id='word_1_167' title='bbox 261 2594 343 2662; x_wconf 91' lang='lat' dir='ltr'>VIII.</span> <span class='ocrx_word' id='word_1_168' title='bbox 362 2593 438 2662; x_wconf 82' lang='lat'>653:</span> <span class='ocrx_word' id='word_1_169' title='bbox 463 2597 588 2677; x_wconf 87' lang='lat' dir='ltr'>,stabat</span> <span class='ocrx_word' id='word_1_170' title='bbox 603 2616 660 2683; x_wconf 90' lang='lat' dir='ltr'>pro</span> <span class='ocrx_word' id='word_1_171' title='bbox 676 2598 797 2684; x_wconf 91' lang='lat' dir='ltr'>templo</span> <span class='ocrx_word' id='word_1_172' title='bbox 814 2597 1013 2684; x_wconf 86' lang='lat' dir='ltr'>ctCapitolia</span> <span class='ocrx_word' id='word_1_173' title='bbox 1029 2597 1118 2663; x_wconf 89' lang='lat' dir='ltr'>celsa</span> <span class='ocrx_word' id='word_1_174' title='bbox 1134 2598 1285 2682; x_wconf 89' lang='lat' dir='ltr'>tenebat,</span> 
     </span>
     <span class='ocr_line' id='line_1_23' title="bbox 463 2700 1285 2790; baseline 0.005 -26"><span class='ocrx_word' id='word_1_175' title='bbox 463 2700 682 2785; x_wconf 89' lang='lat' dir='ltr'>Romuleoque</span> <span class='ocrx_word' id='word_1_176' title='bbox 709 2721 820 2767; x_wconf 90' lang='lat' dir='ltr'>recens</span> <span class='ocrx_word' id='word_1_177' title='bbox 847 2700 999 2790; x_wconf 88' lang='lat' dir='ltr'>horrebat</span> <span class='ocrx_word' id='word_1_178' title='bbox 1025 2702 1116 2784; x_wconf 85' lang='lat' dir='ltr'>regia</span> <span class='ocrx_word' id='word_1_179' title='bbox 1143 2702 1285 2768; x_wconf 76' lang='lat' dir='ltr'>culmo“.</span> 
     </span>
    </p>

    <p class='ocr_par' dir='ltr' id='par_1_7' title="bbox 141 2790 1288 2890">
     <span class='ocr_line' id='line_1_24' title="bbox 141 2790 1288 2890; baseline 0.003 -22"><span class='ocrx_word' id='word_1_180' title='bbox 141 2809 173 2868; x_wconf 91' lang='lat' dir='ltr'>et</span> <span class='ocrx_word' id='word_1_181' title='bbox 196 2823 236 2867; x_wconf 84' lang='lat' dir='ltr'>ex</span> <span class='ocrx_word' id='word_1_182' title='bbox 258 2802 422 2868; x_wconf 89' lang='lat' dir='ltr'>Macrobio</span> <span class='ocrx_word' id='word_1_183' title='bbox 439 2803 462 2868; x_wconf 90' lang='lat' dir='ltr'>l.</span> <span class='ocrx_word' id='word_1_184' title='bbox 481 2801 521 2868; x_wconf 83' lang='lat'>15</span> <span class='ocrx_word' id='word_1_185' title='bbox 538 2804 582 2889; x_wconf 87' lang='lat' dir='ltr'>(p.</span> <span class='ocrx_word' id='word_1_186' title='bbox 600 2801 664 2869; x_wconf 78' lang='lat'>273</span> <span class='ocrx_word' id='word_1_187' title='bbox 684 2803 734 2871; x_wconf 88' lang='lat' dir='ltr'>ed.</span> <span class='ocrx_word' id='word_1_188' title='bbox 748 2805 909 2890; x_wconf 87' lang='lat' dir='ltr'>&#39;Bipont.):</span> <span class='ocrx_word' id='word_1_189' title='bbox 923 2790 1092 2871; x_wconf 66' lang='lat' dir='ltr'>&#39;sacrificio</span> <span class='ocrx_word' id='word_1_190' title='bbox 1115 2826 1135 2871; x_wconf 94' lang='lat' dir='ltr'>a</span> <span class='ocrx_word' id='word_1_191' title='bbox 1150 2826 1229 2889; x_wconf 83' lang='lat' dir='ltr'>rego</span> <span class='ocrx_word' id='word_1_192' title='bbox 1252 2812 1288 2872; x_wconf 92' lang='lat' dir='ltr'>et</span> 
     </span>
    </p>

    <p class='ocr_par' dir='ltr' id='par_1_8' title="bbox 142 2906 1287 2994">
     <span class='ocr_line' id='line_1_25' title="bbox 142 2906 1287 2994; baseline 0.005 -24"><span class='ocrx_word' id='word_1_193' title='bbox 142 2908 264 2972; x_wconf 88' lang='lat' dir='ltr'>minore</span> <span class='ocrx_word' id='word_1_194' title='bbox 288 2906 441 2993; x_wconf 90' lang='lat' dir='ltr'>pontifice</span> <span class='ocrx_word' id='word_1_195' title='bbox 464 2907 636 2991; x_wconf 86' lang='lat' dir='ltr'>celebrato,</span> <span class='ocrx_word' id='word_1_196' title='bbox 660 2907 746 2974; x_wconf 90' lang='lat' dir='ltr'>idem</span> <span class='ocrx_word' id='word_1_197' title='bbox 768 2909 914 2994; x_wconf 89' lang='lat' dir='ltr'>pontifex</span> <span class='ocrx_word' id='word_1_198' title='bbox 943 2909 1062 2992; x_wconf 87' lang='lat' dir='ltr'>calata,</span> <span class='ocrx_word' id='word_1_199' title='bbox 1091 2908 1126 2974; x_wconf 91' lang='lat' dir='ltr'>id</span> <span class='ocrx_word' id='word_1_200' title='bbox 1154 2916 1205 2976; x_wconf 90' lang='lat' dir='ltr'>est</span> <span class='ocrx_word' id='word_1_201' title='bbox 1227 2929 1287 2976; x_wconf 91' lang='lat' dir='ltr'>vo·</span> 
     </span>
    </p>

    <p class='ocr_par' dir='ltr' id='par_1_9' title="bbox 143 3010 1287 3096">
     <span class='ocr_line' id='line_1_26' title="bbox 143 3010 1287 3096; baseline 0.006 -22"><span class='ocrx_word' id='word_1_202' title='bbox 143 3018 218 3076; x_wconf 87' lang='lat' dir='ltr'>cata</span> <span class='ocrx_word' id='word_1_203' title='bbox 239 3012 273 3077; x_wconf 91' lang='lat' dir='ltr'>iu</span> <span class='ocrx_word' id='word_1_204' title='bbox 289 3010 483 3095; x_wconf 80' lang='lat' dir='ltr'>Capitolium</span> <span class='ocrx_word' id='word_1_205' title='bbox 506 3010 600 3096; x_wconf 88' lang='lat' dir='ltr'>plebe</span> <span class='ocrx_word' id='word_1_206' title='bbox 623 3014 714 3079; x_wconf 85' lang='lat' dir='ltr'>iuxta</span> <span class='ocrx_word' id='word_1_207' title='bbox 737 3014 859 3078; x_wconf 85' lang='lat' dir='ltr'>curiam</span> <span class='ocrx_word' id='word_1_208' title='bbox 875 3012 1059 3095; x_wconf 81' lang='lat' dir='ltr'>Calabram,</span> <span class='ocrx_word' id='word_1_209' title='bbox 1083 3033 1168 3096; x_wconf 91' lang='lat' dir='ltr'>qnae</span> <span class='ocrx_word' id='word_1_210' title='bbox 1184 3034 1287 3081; x_wconf 89' lang='lat' dir='ltr'>casae</span> 
     </span>
    </p>
   </div>
   <div class='ocr_carea' id='block_1_4' title="bbox 144 3237 336 3245">
    <p class='ocr_par' dir='ltr' id='par_1_10' title="bbox 144 3237 336 3245">
     <span class='ocr_line' id='line_1_27' title="bbox 144 3237 336 3245; baseline -0.005 -1"><span class='ocrx_word' id='word_1_211' title='bbox 144 3237 238 3244; x_wconf 60' lang='grc' dir='ltr'>..ο-</span> <span class='ocrx_word' id='word_1_212' title='bbox 263 3239 290 3244; x_wconf 89' lang='grc'>...</span> <span class='ocrx_word' id='word_1_213' title='bbox 310 3239 336 3245; x_wconf 87' lang='grc'>...</span> 
     </span>
    </p>
   </div>
   <div class='ocr_carea' id='block_1_5' title="bbox 144 3388 1294 4135">
    <p class='ocr_par' dir='ltr' id='par_1_11' title="bbox 144 3388 1294 4135">
     <span class='ocr_line' id='line_1_28' title="bbox 144 3388 1291 3461; baseline 0.003 -17"><span class='ocrx_word' id='word_1_214' title='bbox 144 3390 329 3444; x_wconf 88' lang='lat' dir='ltr'>Rcmanorum</span> <span class='ocrx_word' id='word_1_215' title='bbox 347 3388 380 3442; x_wconf 87' lang='lat' dir='ltr'>de</span> <span class='ocrx_word' id='word_1_216' title='bbox 397 3405 427 3443; x_wconf 87' lang='lat' dir='ltr'>re</span> <span class='ocrx_word' id='word_1_217' title='bbox 444 3392 511 3446; x_wconf 89' lang='lat' dir='ltr'>rust.</span> <span class='ocrx_word' id='word_1_218' title='bbox 530 3389 605 3446; x_wconf 88' lang='lat'>11.1:</span> <span class='ocrx_word' id='word_1_219' title='bbox 631 3389 828 3453; x_wconf 88' lang='lat' dir='ltr'>,Romanorum</span> <span class='ocrx_word' id='word_1_220' title='bbox 851 3389 982 3460; x_wconf 90' lang='lat' dir='ltr'>populum</span> <span class='ocrx_word' id='word_1_221' title='bbox 1004 3408 1022 3445; x_wconf 90' lang='lat' dir='ltr'>a</span> <span class='ocrx_word' id='word_1_222' title='bbox 1042 3391 1203 3461; x_wconf 88' lang='lat' dir='ltr'>pastoribus</span> <span class='ocrx_word' id='word_1_223' title='bbox 1225 3407 1291 3447; x_wconf 83' lang='lat' dir='ltr'>esse</span> 
     </span>
     <span class='ocr_line' id='line_1_29' title="bbox 145 3474 1290 3547; baseline 0.006 -20"><span class='ocrx_word' id='word_1_224' title='bbox 145 3477 242 3541; x_wconf 87' lang='lat' dir='ltr'>ortum,</span> <span class='ocrx_word' id='word_1_225' title='bbox 261 3475 322 3545; x_wconf 88' lang='lat' dir='ltr'>quis</span> <span class='ocrx_word' id='word_1_226' title='bbox 335 3491 389 3529; x_wconf 91' lang='lat' dir='ltr'>nou</span> <span class='ocrx_word' id='word_1_227' title='bbox 407 3474 493 3529; x_wconf 81' lang='lat' dir='ltr'>dicit?</span> <span class='ocrx_word' id='word_1_228' title='bbox 512 3475 573 3545; x_wconf 86' lang='lat' dir='ltr'>quis</span> <span class='ocrx_word' id='word_1_229' title='bbox 587 3474 745 3529; x_wconf 82' lang='lat' dir='ltr'>Faustulum</span> <span class='ocrx_word' id='word_1_230' title='bbox 765 3475 852 3530; x_wconf 88' lang='lat' dir='ltr'>nescit</span> <span class='ocrx_word' id='word_1_231' title='bbox 870 3479 1008 3546; x_wconf 85' lang='lat' dir='ltr'>pastorem</span> <span class='ocrx_word' id='word_1_232' title='bbox 1024 3476 1109 3531; x_wconf 85' lang='lat' dir='ltr'>inisse</span> <span class='ocrx_word' id='word_1_233' title='bbox 1128 3478 1290 3547; x_wconf 84' lang='lat' dir='ltr'>nutricium,</span> 
     </span>
     <span class='ocr_line' id='line_1_30' title="bbox 145 3554 1291 3635; baseline 0.009 -22"><span class='ocrx_word' id='word_1_234' title='bbox 145 3560 191 3630; x_wconf 91' lang='lat' dir='ltr'>qui</span> <span class='ocrx_word' id='word_1_235' title='bbox 218 3559 361 3616; x_wconf 88' lang='lat' dir='ltr'>Romulum</span> <span class='ocrx_word' id='word_1_236' title='bbox 385 3566 412 3616; x_wconf 87' lang='lat' dir='ltr'>et</span> <span class='ocrx_word' id='word_1_237' title='bbox 437 3554 550 3616; x_wconf 81' lang='lat' dir='ltr'>Rerirum</span> <span class='ocrx_word' id='word_1_238' title='bbox 573 3561 717 3615; x_wconf 75' lang='lat' dir='ltr'>educavit?</span> <span class='ocrx_word' id='word_1_239' title='bbox 740 3578 794 3616; x_wconf 94' lang='lat' dir='ltr'>non</span> <span class='ocrx_word' id='word_1_240' title='bbox 817 3561 892 3632; x_wconf 86' lang='lat' dir='ltr'>ipsos</span> <span class='ocrx_word' id='word_1_241' title='bbox 916 3569 1025 3633; x_wconf 84' lang='lat' dir='ltr'>quoque</span> <span class='ocrx_word' id='word_1_242' title='bbox 1046 3563 1134 3619; x_wconf 81' lang='lat' dir='ltr'>fnisse</span> <span class='ocrx_word' id='word_1_243' title='bbox 1156 3568 1291 3635; x_wconf 82' lang='lat' dir='ltr'>pastores</span> 
     </span>
     <span class='ocr_line' id='line_1_31' title="bbox 146 3646 1292 3725; baseline 0.008 -24"><span class='ocrx_word' id='word_1_244' title='bbox 146 3646 278 3701; x_wconf 91' lang='lat' dir='ltr'>obtinebit</span> <span class='ocrx_word' id='word_1_245' title='bbox 301 3649 374 3719; x_wconf 85' lang='lat' dir='ltr'>quod</span> <span class='ocrx_word' id='word_1_246' title='bbox 398 3647 529 3718; x_wconf 89' lang='lat' dir='ltr'>parilibus</span> <span class='ocrx_word' id='word_1_247' title='bbox 548 3647 719 3718; x_wconf 85' lang='lat' dir='ltr'>potissimum</span> <span class='ocrx_word' id='word_1_248' title='bbox 738 3647 882 3702; x_wconf 86' lang='lat' dir='ltr'>condidere</span> <span class='ocrx_word' id='word_1_249' title='bbox 899 3649 1010 3704; x_wconf 75' lang='lat' dir='ltr'>urbem?</span> <span class='ocrx_word' id='word_1_250' title='bbox 1038 3666 1092 3704; x_wconf 92' lang='lat' dir='ltr'>non</span> <span class='ocrx_word' id='word_1_251' title='bbox 1115 3650 1189 3706; x_wconf 86' lang='lat' dir='ltr'>idem</span> <span class='ocrx_word' id='word_1_252' title='bbox 1212 3654 1292 3725; x_wconf 90' lang='lat' dir='ltr'>quod</span> 
     </span>
     <span class='ocr_line' id='line_1_32' title="bbox 146 3732 1292 3811; baseline 0.009 -25"><span class='ocrx_word' id='word_1_253' title='bbox 146 3732 232 3787; x_wconf 90' lang='lat' dir='ltr'>multa</span> <span class='ocrx_word' id='word_1_254' title='bbox 250 3735 332 3788; x_wconf 88' lang='lat' dir='ltr'>etiam</span> <span class='ocrx_word' id='word_1_255' title='bbox 350 3750 421 3788; x_wconf 89' lang='lat' dir='ltr'>nunc</span> <span class='ocrx_word' id='word_1_256' title='bbox 444 3750 478 3788; x_wconf 82' lang='lat' dir='ltr'>ex</span> <span class='ocrx_word' id='word_1_257' title='bbox 501 3737 589 3788; x_wconf 88' lang='lat' dir='ltr'>vetere</span> <span class='ocrx_word' id='word_1_258' title='bbox 608 3732 734 3788; x_wconf 89' lang='lat' dir='ltr'>instituto</span> <span class='ocrx_word' id='word_1_259' title='bbox 752 3733 840 3789; x_wconf 86' lang='lat' dir='ltr'>bubus</span> <span class='ocrx_word' id='word_1_260' title='bbox 859 3737 886 3789; x_wconf 89' lang='lat' dir='ltr'>et</span> <span class='ocrx_word' id='word_1_261' title='bbox 903 3735 999 3790; x_wconf 90' lang='lat' dir='ltr'>ovibus</span> <span class='ocrx_word' id='word_1_262' title='bbox 1020 3735 1140 3791; x_wconf 76' lang='lat' dir='ltr'>dicitur?</span> <span class='ocrx_word' id='word_1_263' title='bbox 1164 3740 1194 3792; x_wconf 86' lang='lat' dir='ltr'>et</span> <span class='ocrx_word' id='word_1_264' title='bbox 1212 3740 1292 3811; x_wconf 89' lang='lat' dir='ltr'>quod</span> 
     </span>
     <span class='ocr_line' id='line_1_33' title="bbox 146 3819 1292 3895; baseline 0.01 -22"><span class='ocrx_word' id='word_1_265' title='bbox 146 3836 192 3874; x_wconf 88' lang='lat' dir='ltr'>aes</span> <span class='ocrx_word' id='word_1_266' title='bbox 211 3819 430 3891; x_wconf 87' lang='lat' dir='ltr'>antiquissimum</span> <span class='ocrx_word' id='word_1_267' title='bbox 448 3819 522 3890; x_wconf 92' lang='lat' dir='ltr'>quod</span> <span class='ocrx_word' id='word_1_268' title='bbox 540 3822 581 3874; x_wconf 81' lang='lat' dir='ltr'>est</span> <span class='ocrx_word' id='word_1_269' title='bbox 600 3819 695 3873; x_wconf 86' lang='lat' dir='ltr'>datum</span> <span class='ocrx_word' id='word_1_270' title='bbox 718 3836 814 3890; x_wconf 89' lang='lat' dir='ltr'>pecore</span> <span class='ocrx_word' id='word_1_271' title='bbox 837 3824 880 3874; x_wconf 89' lang='lat' dir='ltr'>est</span> <span class='ocrx_word' id='word_1_272' title='bbox 902 3822 1045 3876; x_wconf 79' lang='lat' dir='ltr'>notatum?</span> <span class='ocrx_word' id='word_1_273' title='bbox 1068 3825 1097 3876; x_wconf 89' lang='lat' dir='ltr'>et</span> <span class='ocrx_word' id='word_1_274' title='bbox 1115 3827 1194 3895; x_wconf 89' lang='lat' dir='ltr'>quod</span> <span class='ocrx_word' id='word_1_275' title='bbox 1213 3829 1292 3893; x_wconf 88' lang='lat' dir='ltr'>urbs,</span> 
     </span>
     <span class='ocr_line' id='line_1_34' title="bbox 147 3896 1292 3977; baseline 0.01 -18"><span class='ocrx_word' id='word_1_276' title='bbox 147 3922 208 3960; x_wconf 87' lang='lat' dir='ltr'>cum</span> <span class='ocrx_word' id='word_1_277' title='bbox 227 3907 337 3961; x_wconf 87' lang='lat' dir='ltr'>condita</span> <span class='ocrx_word' id='word_1_278' title='bbox 355 3910 405 3972; x_wconf 90' lang='lat' dir='ltr'>est,</span> <span class='ocrx_word' id='word_1_279' title='bbox 429 3909 508 3960; x_wconf 87' lang='lat' dir='ltr'>tauro</span> <span class='ocrx_word' id='word_1_280' title='bbox 528 3910 555 3960; x_wconf 92' lang='lat' dir='ltr'>et</span> <span class='ocrx_word' id='word_1_281' title='bbox 572 3922 664 3971; x_wconf 58' lang='lat' dir='ltr'>v&#39;acca,</span> <span class='ocrx_word' id='word_1_282' title='bbox 687 3906 733 3975; x_wconf 89' lang='lat' dir='ltr'>qui</span> <span class='ocrx_word' id='word_1_283' title='bbox 752 3909 843 3960; x_wconf 87' lang='lat' dir='ltr'>esseut</span> <span class='ocrx_word' id='word_1_284' title='bbox 861 3907 928 3960; x_wconf 89' lang='lat' dir='ltr'>muri</span> <span class='ocrx_word' id='word_1_285' title='bbox 950 3910 977 3961; x_wconf 89' lang='lat' dir='ltr'>et</span> <span class='ocrx_word' id='word_1_286' title='bbox 996 3911 1101 3977; x_wconf 86' lang='lat' dir='ltr'>portae,</span> <span class='ocrx_word' id='word_1_287' title='bbox 1125 3896 1292 3970; x_wconf 69' lang='lat' dir='ltr'>delinitum?</span> 
     </span>
     <span class='ocr_line' id='line_1_35' title="bbox 148 3990 1294 4070; baseline 0.01 -25"><span class='ocrx_word' id='word_1_288' title='bbox 148 3995 174 4045; x_wconf 91' lang='lat' dir='ltr'>ct</span> <span class='ocrx_word' id='word_1_289' title='bbox 192 3992 266 4063; x_wconf 93' lang='lat' dir='ltr'>quod</span> <span class='ocrx_word' id='word_1_290' title='bbox 284 3992 403 4062; x_wconf 89' lang='lat' dir='ltr'>populus</span> <span class='ocrx_word' id='word_1_291' title='bbox 421 3992 558 4047; x_wconf 91' lang='lat' dir='ltr'>Romanus</span> <span class='ocrx_word' id='word_1_292' title='bbox 583 4008 643 4046; x_wconf 81' lang='lat' dir='ltr'>curn</span> <span class='ocrx_word' id='word_1_293' title='bbox 665 3990 797 4046; x_wconf 88' lang='lat' dir='ltr'>lustratur</span> <span class='ocrx_word' id='word_1_294' title='bbox 819 3993 1040 4048; x_wconf 78' lang='lat' dir='ltr'>suovitaurilibus</span> <span class='ocrx_word' id='word_1_295' title='bbox 1063 3995 1294 4070; x_wconf 85' lang='lat' dir='ltr'>circumaguntur</span> 
     </span>
     <span class='ocr_line' id='line_1_36' title="bbox 147 4079 526 4135; baseline 0.005 -4"><span class='ocrx_word' id='word_1_296' title='bbox 147 4094 237 4135; x_wconf 86' lang='lat' dir='ltr'>verres</span> <span class='ocrx_word' id='word_1_297' title='bbox 254 4079 323 4135; x_wconf 88' lang='lat' dir='ltr'>aries</span> <span class='ocrx_word' id='word_1_298' title='bbox 345 4082 455 4134; x_wconf 64' lang='lat' dir='ltr'>tarmus*</span> <span class='ocrx_word' id='word_1_299' title='bbox 475 4081 526 4133; x_wconf 87' lang='lat' dir='ltr'>ct.</span> 
     </span>
    </p>
   </div>
   <div class='ocr_carea' id='block_1_6' title="bbox 0 0 1427 4688">
    <p class='ocr_par' dir='ltr' id='par_1_12' title="bbox 0 0 1427 4688">
     <span class='ocr_line' id='line_1_37' title="bbox 0 0 1427 4688; baseline 0 0"><span class='ocrx_word' id='word_1_300' title='bbox 0 0 1427 4688; x_wconf 95' lang='lat' dir='ltr'> </span> 
     </span>
    </p>
   </div>
  </div>
 </body>
</html>
