2812 4688
593 339 809 408 ...23-

132 555 201 600 snse
230 535 452 625 applicarent,
481 532 613 597 dubium
641 551 796 596 essenon
821 537 936 616 petest.
983 529 1034 595 Ad
1062 530 1160 611 lucer,
1190 550 1268 614 quus

132 640 197 703 iam
221 660 319 724 supra
343 632 445 718 attuli,
470 637 526 701 hus
550 634 649 700 aririu:

168 742 261 828 Prep.
279 740 334 807 43:
360 740 525 806 caeruleus
549 741 690 804 cucumis
714 737 897 822 tumideque
921 739 1088 804 cucurbita
1110 746 1218 804 rentre

361 867 410 910 me
435 851 526 910 nutat
542 893 548 906 .
564 895 571 908 .
587 893 592 904 .

178 948 269 1029 Verg.
288 948 344 1014 Ge.
363 947 416 1015 lu.
435 945 511 1011 121:
687 952 850 1028 tortusque
874 967 931 1031 per
954 946 1088 1011 herbam

361 1061 517 1117 creseeret
541 1051 573 1114 in
595 1056 738 1115 uentrem
755 1050 906 1116 cucumis.

222 1153 358 1220 -1‘12442
383 1162 415 1220 et
438 1156 531 1219 iunco
557 1155 700 1218 brassica
721 1154 831 1218 uineta
852 1153 915 1218 leri

153 1259 220 1323 Tib.
240 1259 279 1323 ll.
297 1257 327 1340 3,
345 1257 400 1324 15:
425 1265 493 1323 tum
512 1257 641 1323 ‘fiscella
664 1257 724 1322 leri
750 1255 881 1321 detexta
905 1264 953 1323 est
975 1259 1092 1322 vimine
1118 1258 1245 1340 iuuei¹t

218 1362 268 1427 Pr.
285 1360 340 1426 45:
366 1359 506 1427 nuutios
530 1361 614 1425 ullus
638 1360 706 1425 hiat
729 1360 829 1446 pratis
853 1361 929 1444 (urin
953 1361 1007 1425 ille
1031 1360 1181 1426 decenter

364 1466 531 1550 impositus
554 1464 651 1528 trunti
674 1463 829 1544 langueat
852 1471 926 1528 ante
949 1485 1050 1529 meae.

129 1570 197 1636 Tib.
216 1570 239 1636 Ι.
258 1567 287 1653 1,
304 1567 358 1634 13:
384 1577 415 1634 et
431 1567 640 1652 quodeunque
656 1566 732 1632 mibi
751 1586 880 1652 [imnum
901 1586 1001 1632 nevus
1017 1567 1133 1634 educat
1154 1590 1266 1648 annus,

381 1672 516 1738 libatum
541 1671 703 1752 agricolae
727 1671 856 1756 ponitur
879 1679 953 1736 aute
977 1670 1037 1737 dee
1046 1671 1082 1755 ²).

131 1797 337 1839 ——-÷-

236 1914 258 1981 ¹)
277 1911 311 1969 cf.
331 1911 407 1981 Copa
425 1911 471 1966 21:
491 1911 600 1963 suntet
619 1926 694 1964 mera
713 1911 825 1964 eruenta
843 1914 870 1964 et
888 1910 968 1964 lentis
987 1927 1040 1964 nun
1058 1911 1171 1965 racemis

493 1999 520 2050 et
533 1996 654 2066 pendens
674 1996 752 2050 iunee
771 1997 912 2052 caeruleus
930 1996 1059 2051 cucumis,

235 2102 255 2168 ²)
275 2103 316 2155 ite
343 2100 489 2154 Vertumni>
512 2099 633 2155 fabulam
657 2099 769 2154 Ovidius
792 2100 819 2154 in
842 2100 910 2156 libro
932 2099 992 2154 XIV
1012 2099 1266 2170 Metamorphoseun

129 2203 294 2258 quamquam
313 2186 398 2241 mutto
412 2186 521 2240 suarius
535 2189 561 2239 et
574 2186 725 2256 uiegantius
744 2189 844 2253 narrat,
864 2203 925 2242 eum
937 2187 1016 2241 deum
1030 2202 1120 2240 amere
1131 2186 1267 2242 I'umeuae

129 2275 269 2328 incensum
289 2272 466 2343 ambiguitate
484 2289 562 2326 usum
581 2289 672 2326 earnes
692 2272 753 2327 illas
772 2272 861 2327 nutrias
880 2273 980 2328 formas
1000 2272 1154 2327 induentem
1173 2273 1266 2339 faeiat,

129 2364 160 2414 nt
180 2376 296 2414 amorem
315 2362 422 2414 amatae
445 2359 580 2413 Pnnmuue
606 2359 657 2413 sibi
681 2358 820 2425 eoueiliet,
843 2362 934 2413 tamen
959 2359 1109 2430 exe-inpium
1132 2358 1265 2430 Propertii

130 2446 225 2500 nurltis
245 2445 312 2500 lueis
336 2449 445 2500 secutus
464 2449 513 2499 est.
553 2447 671 2514 :ippone
695 2445 755 2499 iiius
778 2444 867 2511 leros,
890 2446 935 2515 qui
959 2445 1161 2500 similitudinem
1185 2448 1267 2516 atque

128 2533 308 2586 imitationem
326 2532 467 2586 exhibent:

234 2618 275 2676 Pr.
287 2619 334 2672 25:
354 2618 389 2672 (ia
407 2618 504 2672 faterin
523 2621 550 2672 et
568 2621 640 2671 terte
660 2617 775 2671 frontem
793 2619 858 2672 mihi
877 2619 1022 2688 cumprime
1041 2619 1133 2672 tiene:

355 2704 456 2760 iurabis
476 2708 570 2759 nestra
588 2705 710 2775 gramina
728 2707 804 2759 secta
824 2720 911 2759 mauu.

229 2793 276 2846 Or.
290 2791 352 2846 net.
365 2793 430 2848 645:
449 2794 573 2861 tempera
591 2807 673 2860 saepe
692 2807 786 2860 gerens
805 2791 885 2844 faeno
903 2791 1020 2861 religata
1038 2793 1137 2846 recenti

448 2878 586 2932 desertum
605 2881 714 2947 poterat
732 2894 840 2948 gramen
860 2893 982 2932 versasse
1000 2878 1093 2932 videri.

362 2965 426 3022 nib:
446 2965 515 3018 falce
534 2965 599 3018 itata
618 2964 759 3019 frondator
780 2968 846 3018 erat.

328 3067 369 3123 Pr.
382 3071 428 3124 28:
448 3069 537 3124 corbis
556 3068 582 3122 in
602 3069 729 3139 imposito
749 3068 868 3138 pendere
886 3084 988 3123 messer
1007 3085 1088 3125 eram.

309 3155 355 3212 ov.
369 3155 432 3211 643:
451 3171 467 3208 0
486 3155 612 3224 quotiens
630 3155 724 3210 habitu
744 3155 803 3210 (luri
822 3155 950 3210 messoris
968 3155 1066 3210 aristas

452 3241 531 3296 eorbe
550 3241 613 3296 tulit
631 3243 740 3313 uerique
758 3243 811 3296 ruit
828 3241 955 3296 messoris
974 3241 1062 3312 imago

328 3345 370 3402 Pr.
383 3345 430 3403 33:
812 3347 943 3400 arundine
961 3348 1071 3416 sumpta

450 3431 559 3486 Faunus
578 3433 703 3503 plumoso
722 3449 781 3487 snm
799 3433 866 3488 (leus
885 3433 1011 3502 aucupio.

306 3518 353 3575 Or.
366 3519 430 3575 651:
449 3519 570 3588 piscator
588 3519 719 3574 arundine
736 3522 854 3591 sumpta.

325 3604 367 3659 Pr.
380 3606 427 3660 47:
447 3605 519 3676 queri
540 3605 640 3660 turmas
658 3623 728 3660 unns
748 3607 871 3662 vertebar
889 3606 915 3659 in
935 3621 1034 3660 omnes.

306 3690 352 3746 Or.
367 3692 430 3748 685:
450 3691 607 3762 fennasqne
625 3696 689 3762 apte
708 3694 823 3763 tingetur
841 3694 868 3746 in
887 3707 979 3746 omnes

367 3779 430 3834 7652
450 3777 551 3832 formas
569 3778 635 3834 dens
654 3783 736 3849 aptus
755 3779 782 3833 in
801 3795 901 3835 omnes.

236 3863 288 3918 Seri
302 3865 383 3918 etiam
396 3864 456 3919 aliis
470 3864 536 3919 lueis
549 3865 660 3920 Ovidius
674 3865 708 3920 ad
722 3865 802 3919 buius
815 3864 941 3919 carminis
956 3880 1103 3919 sermenem
1120 3864 1268 3918 accessisse

130 3949 246 4018 ridetur,
264 3951 350 4004 velut:

331 4035 373 4091 Pr.
388 4039 435 4095 19:
455 4037 570 4093 mendax
590 4038 663 4092 tama
680 4053 771 4101 neces,
788 4036 858 4092 alius
877 4037 942 4092 mihi
961 4038 1076 4092 neminis
1096 4038 1185 4103 index,

452 4124 533 4180 dese
553 4123 673 4179 narranti
692 4125 723 4178 tu
741 4123 821 4178 mede
840 4123 919 4178 crede
938 4123 997 4179 deo.
