2812 4688
615 315 830 382 -14„

155 507 373 573 Callimachus
400 505 596 571 Graecorum
630 507 757 571 fabulas
791 507 981 590 t1·actavit¹).
1029 509 1076 573 Eo
1106 510 1296 592 diligentius

156 611 198 677 ad
220 612 387 677 Aeliorum
409 610 545 675 formam
568 617 600 675 et
629 610 774 676 habitum
802 632 870 677 sese
899 612 1082 698 applicasse
1106 614 1295 701 Propertius

155 714 290 781 videtur.

257 835 362 918 Atque
376 838 521 902 carmina
531 836 680 901 Rornana
692 835 836 902 distichis
849 839 1065 923 composuisse
1078 839 1292 925 Propertium,

154 959 219 1005 non
241 941 344 1007 solum
368 961 441 1005 cum
457 947 587 1026 poetam
603 940 784 1022 elegiacum
800 941 879 1006 haec
903 943 1037 1039 rnetpica
1054 945 1135 1008 ratio
1152 943 1291 1028 deceret,

154 1043 208 1109 sed
233 1046 333 1110 etiam
355 1065 429 1110 eum
443 1043 677 1110 Callimachum
702 1052 895 1128 sequeretur,
920 1053 968 1111 est
990 1049 1057 1112 veri
1080 1048 1291 1118 simillimum.

256 1164 449 1232 Callimachi
493 1185 568 1231 vero
606 1165 871 1231 consuetudinem
908 1166 1110 1233 describendi
1151 1171 1291 1252 origines

154 1269 353 1352 singularum
384 1270 568 1335 fabularum
602 1271 736 1352 singulis
771 1272 982 1354 carminibus,
1018 1289 1153 1354 quorum
1186 1296 1291 1348 ,unum

154 1373 301 1456 quodque
336 1375 500 1460 peculiare
535 1381 567 1438 et
602 1375 784 1440 ahsolutum
818 1382 902 1456 eret,
940 1374 1106 1461 Propertio
1141 1379 1290 1464 exemplo

153 1479 250 1544 fuisse
288 1497 352 1542 non
389 1477 493 1543 solum
530 1476 682 1543 credibile
720 1487 783 1560 est,
821 1477 878 1544 sed
915 1481 1014 1544 etiam
1051 1501 1091 1544 ex
1128 1478 1290 1567 Propertii

153 1583 277 1647 ratione
312 1580 529 1663 colligendum
560 1588 624 1664 est,
653 1581 812 1663 quomodo
835 1581 1053 1649 Callimachus
1075 1585 1172 1649 Aetia
1198 1587 1290 1652 insti·

154 1687 250 1751 tuisse
287 1684 443 1751 videatur.
504 1684 688 1770 Propertius
733 1688 820 1750 enim
864 1687 1111 1773 unumquodque
1157 1709 1288 1755 carmen

153 1791 315 1876 prooemio
339 1797 371 1854 et
393 1790 520 1875 epilogo
544 1802 665 1855 'ornans
698 1791 790 1855 initio
814 1792 974 1875 proponit,
1008 1791 1047 1855 de
1076 1810 1140 1873 qua
1163 1813 1197 1857 re
1220 1792 1287 1857 dis-

153 1900 295 1978 putetur:
333 1915 366 1958 re
401 1895 549 1979 exposita
584 1895 694 1976 paucis
723 1893 887 1977 disputata
913 1894 1162 1977 comprehendit,
1188 1902 1286 1977 atquc

152 2019 193 2063 ea
225 1999 308 2062 ratio
342 1998 438 2063 fuisse
470 1996 596 2063 ridetur
623 1997 815 2063 Callimachi
850 2001 1035 2077 carminum,
1070 2005 1104 2061 ut
1138 1998 1179 2061 ah
1213 1999 1283 2080 ipso

153 2103 349 2183 quaestionis
373 2103 479 2185 capite
503 2103 610 2167 aetion
630 2101 852 2183 proficiscatur
873 2101 1047 2184 eodemque
1063 2099 1283 2166 concludatur.

153 2204 271 2289 Incipit
293 2208 390 2288 igitur
412 2206 569 2289 Propertii
593 2226 610 2270 c
637 2205 675 2270 V.
699 2203 733 2270 4:

307 2326 477 2410 Tarpeium
500 2347 611 2392 nemus
634 2334 666 2393 et
688 2325 843 2411 Tarpeiae
867 2336 959 2411 turpe
982 2327 1164 2410 sepulcrum

306 2431 400 2497 fabor
421 2439 453 2497 et
477 2435 601 2514 antiqui
623 2433 737 2497 limina
761 2439 858 2516 capta
880 2431 977 2498 doris.

151 2561 184 2618 et
205 2551 314 2617 linitur
336 2574 365 2618 v.
382 2549 438 2618 94:

305 2671 428 2739 educe
451 2673 588 2757 Tarpeia
611 2693 701 2740 rnons
724 2682 772 2740 est
795 2692 972 2755 cognomen
995 2671 1147 2754 adeptum

307 2795 325 2843 o
349 2778 435 2860 vigil,
458 2779 575 2844 iniuste
597 2780 744 2862 praemia
766 2778 859 2843 sortis
882 2775 992 2841 habes.

151 2902 185 2966 it.
203 2921 229 2966 c,
249 2897 290 2964 10
311 2901 439 2981 incipit:

305 3018 398 3086 Nunc
421 3021 509 3087 Jovis
532 3024 687 3105 incipiam
711 3041 825 3088 causas
848 3020 974 3105 aperire
996 3016 1121 3084 Feretri

307 3142 461 3207 armaque
485 3124 525 3191 de
548 3125 682 3191 ducibus
705 3129 792 3193 trina
814 3130 946 3208 recepta
968 3122 1080 3190 tribus.

151 3253 184 3312 et
206 3245 329 3313 finitur:

305 3388 390 3434 nunc
413 3368 517 3451 spolia
540 3368 716 3450 intemplo
739 3369 804 3433 tria
826 3365 974 3433 condita:
998 3384 1097 3432 causa
1119 3361 1256 3445 Feretri,

306 3475 412 3538 omine
436 3470 521 3554 quod
545 3479 631 3537 certo
655 3471 721 3536 dux
742 3471 818 3537 ferit
840 3490 916 3536 ense
940 3468 1076 3549 ducem;

306 3597 362 3642 sen
384 3578 461 3658 quia
482 3577 569 3641 victa
592 3578 656 3642 suis
679 3576 797 3641 umeris
819 3573 900 3640 haec
924 3593 1016 3642 arina
1037 3572 1196 3654 ferebant,

306 3680 380 3745 hinc
403 3679 527 3746 Feretri
551 3679 639 3746 dicta
661 3686 710 3744 est
734 3699 792 3744 ara
814 3678 954 3762 superba
977 3676 1076 3743 Jovis.

153 3803 185 3864 it.
203 3824 229 3866 c.
253 3797 288 3866 2:
313 3802 424 3884 accipe
448 3801 614 3866 Vertumni
639 3802 733 3881 signa
755 3806 892 3883 paterna
916 3800 988 3864 mci.

256 4009 277 4077 ¹)
296 4005 356 4060 Uno
370 4004 430 4059 loco
443 4004 600 4074 Propertius
614 4003 773 4058 Callimachi
792 4003 925 4057 reminisci
945 4002 1051 4056 videtur
1070 4000 1099 4054 V.
1112 4001 1137 4066 9,
1148 3999 1190 4067 57,
1211 4015 1290 4070 quem

152 4096 240 4150 locum
258 4110 308 4150 sno
327 4096 448 4162 tempore
467 4089 588 4146 afferam.
1201 4090 1203 4095 “
