2812 4688
529 321 657 389 ,ῃ
702 361 743 370 ..

60 514 370 600 lletarnorphoscnn
398 513 480 578 libro
504 512 580 577 VIII
615 515 857 598 comparaverit.
917 514 1029 579 Mirum
1059 516 1143 579 enim
1174 517 1202 578 in

59 617 199 683 medum
215 617 319 683 Ouidii
344 623 376 682 et
391 617 549 702 Propertii
566 618 707 682 cannina
726 619 911 702 cornpirare
927 617 1079 683 ridemus.
1115 619 1203 696 erod

59 741 127 806 quo
152 721 281 787 titedius
303 720 519 802 intellegatur,
543 720 601 785 illa
624 723 768 786 carnuna
783 720 823 786 dc
839 721 976 807 Tarpeia
994 730 1025 788 et
1041 721 1081 788 de
1097 723 1203 807 Scylla

58 844 260 911 componere
284 823 362 888 milri
386 824 491 891 liceat.

171 944 278 1026 Atque
301 944 439 1031 Tarpeia
462 965 606 1026 egressa,
635 956 669 1011 ut
696 947 802 1011 t'acere
826 946 917 1029 solet,
941 946 983 1012 ad
1007 949 1142 1028 iontem,
1171 954 1205 1013 ut

59 1072 185 1135 aquam
211 1049 347 1131 hauriat,
371 1049 482 1134 procul
509 1049 633 1114 Tatium
657 1070 763 1131 regern
792 1051 959 1135 conspicit,
982 1051 1204 1136 obstupefacta

57 1156 151 1236 regia
174 1152 332 1236 dignitate
356 1174 394 1217 ac
418 1152 546 1218 decore:

268 1256 346 1322 ridit
370 1258 512 1322 arenosis
538 1256 661 1322 'i'atiruu
688 1257 855 1342 proludere
879 1260 1001 1343 campis

268 1361 416 1446 pictaque
444 1381 501 1446 per
524 1359 623 1424 tiaras
647 1382 737 1425 unna
760 1361 867 1426 lerare
891 1362 991 1428 iuliae.

266 1465 430 1550 obstupuit
453 1466 536 1546 regis
559 1465 640 1528 facie
665 1472 697 1528 et
720 1465 880 1547 regalibus
905 1468 1000 1530 annis

266 1568 409 1650 interque
433 1568 550 1633 oblitas
573 1567 693 1633 excidit
716 1589 943 1634 romanianus,

56 1687 175 1773 Neque
200 1688 295 1754 aliter
317 1688 447 1754 Ouidius
470 1688 611 1774 Scyllam
640 1690 672 1753 in
701 1710 826 1754 murum
850 1689 1077 1755 ascendentem
1101 1712 1139 1755 ac
1163 1689 1202 1755 de

56 1792 231 1879 superiore
254 1791 325 1856 leco
349 1791 561 1858 admirantem
577 1793 779 1879 imperatoria
800 1792 925 1858 hostilia
941 1793 1055 1858 taciem
1071 1791 1203 1873 inducit,

57 1916 259 1982 qnarnquam
283 1895 411 1961 olenus
434 1903 528 1979 atque
545 1897 724 1978 elegantius
740 1896 856 1962 Minois
873 1897 1012 1982 speciem
1035 1895 1201 1961 describit:

57 2024 88 2066 r.
105 1997 254 2065 att-36:
279 2007 412 2065 irruerat
435 2007 509 2064 ante
537 2001 616 2065 alios
639 2002 755 2065 t'acieru
779 1998 868 2066 ducis
891 2000 1066 2085 Europaei,

273 2102 344 2189 plus
361 2104 469 2186 etiarn,
493 2125 587 2188 qrrarn
605 2123 697 2170 nosse
713 2112 763 2169 eat
779 2111 836 2169 ert.
875 2105 943 2170 llac
966 2103 1071 2168 iudice
1088 2104 1203 2185 Minos,

272 2227 328 2272 seu
352 2216 450 2293 caput
472 2207 641 2273 abdiderat
665 2210 797 2273 orlatata
821 2207 945 2273 carmide
969 2209 1094 2293 pennis,

272 2312 304 2374 in
329 2311 424 2392 galea
446 2311 601 2377 formosus
617 2320 686 2376 crat
699 2361 813 2378 ......

186 2435 512 2501 ...purpureusrpre
536 2416 600 2479 albi
624 2417 732 2481 stratis
755 2416 894 2496 insignia
918 2416 1012 2500 pictis

272 2528 363 2602 terga
384 2518 551 2605 proruebat
574 2520 645 2601 equi
669 2519 914 2604 spumantiaque
937 2539 993 2583 ora
1017 2519 1158 2602 regebat,

273 2624 326 2686 riu
349 2642 416 2703 suat,
441 2624 492 2686 rix
516 2643 614 2687 sarrae
638 2624 724 2696 virro
748 2619 858 2687 Niseia
881 2642 1012 2708 erumpes

272 2728 388 2793 mentis
411 2735 489 2791 erat.

63 2847 185 2913 Amore
209 2845 486 2913 vehementissimo
511 2855 608 2932 capta
630 2856 762 2930 utraque
778 2849 982 2930 conqueritur
1004 2846 1044 2912 de
1060 2868 1117 2912 sua
1141 2847 1202 2912 Ior-

63 2959 145 3016 tune
168 2971 207 3016 ac
231 2970 317 3032 casu,
341 2958 473 3035 utraque
497 2949 671 3032 deliberat,
698 2959 804 3016 utrum
832 2951 956 3037 patriae
980 2949 1074 3016 tidem
1099 2959 1203 3017 servet

10 3058 14 3113 l
61 3075 104 3119 an
135 3053 307 3140 cupiditati
337 3075 412 3120 serae
442 3065 563 3140 penmrt.
620 3058 729 3139 ltaque
757 3063 923 3138 utramque
952 3055 1106 3136 virginem
1136 3056 1202 3120 fere

10 3160 12 3235 J
60 3155 212 3241 eundern:
226 3155 369 3223 eulmen
395 3162 625 3225 sententiarum
649 3161 737 3243 sequi
761 3181 821 3243 pau
844 3180 913 3224 erse
935 3158 1075 3223 videtur:

76 3260 172 3347 Prop.
189 3258 246 3326 25:
271 3282 368 3348 saepe
391 3263 464 3327 tulit
487 3263 615 3330 blandis
639 3270 792 3346 argentea
814 3262 885 3328 lilia
908 3263 1067 3348 nymphia,

223 3429 224 3432 ,
271 3366 408 3431 Romula
430 3387 470 3431 ne
493 3367 609 3432 faeiem
633 3366 776 3433 laederet
798 3367 891 3432 hasta
913 3365 993 3432 Tati.

10 3496 16 3561 ιΡ
120 3468 176 3535 Or.
193 3466 249 3534 ol:
274 3490 350 3534 nam
372 3477 513 3536 metuam
537 3480 632 3554 certe,
657 3491 696 3536 ne
720 3473 789 3555 quis
812 3479 868 3537 tua
892 3477 1032 3556 pectora,
1055 3469 1170 3552 Minor,

10 3578 14 3661 t
269 3571 416 3639 vulneret
437 3573 633 3660 imprudenS.

76 3674 172 3762 Prop.
188 3674 245 3742 56:
270 3677 336 3742 dos
359 3678 418 3743 tini
441 3697 503 3743 neu
527 3679 655 3744 humilis
680 3678 807 3765 prodita
829 3679 934 3744 Roma
957 3678 1053 3744 uenit.

120 3780 176 3844 Or.
193 3777 249 3845 67:
275 3789 391 3868 coepta
414 3782 557 3868 placent:
582 3791 614 3848 et
637 3790 701 3848 stat
723 3784 893 3865 sententia,
918 3781 1044 3848 tradere
1062 3803 1184 3846 mecum

271 3884 440 3952 dotalem
465 3889 612 3974 patriam,
637 3886 795 3971 tineurque
817 3888 983 3972 imponere
1007 3886 1131 3968 lreIIo.¹)

168 4108 190 4176 ¹)
210 4107 245 4162 el.
263 4107 343 4178 l’rop.
357 4108 400 4163 IV.
415 4110 456 4176 to,
468 4110 515 4164 23:
535 4110 605 4164 Itane
619 4109 702 4181 igitur
715 4109 806 4164 dotem
824 4110 900 4180 uirgo
920 4107 1102 4178 desponderat
1120 4106 1202 4162 hereti
