<?xml version="1.0" encoding="UTF-8"?>
<!DOCTYPE html PUBLIC "-//W3C//DTD XHTML 1.0 Transitional//EN"
    "http://www.w3.org/TR/xhtml1/DTD/xhtml1-transitional.dtd">
<html xmlns="http://www.w3.org/1999/xhtml" xml:lang="en" lang="en">
 <head>
  <title>
</title>
<meta http-equiv="Content-Type" content="text/html;charset=utf-8" />
  <meta name='ocr-system' content='tesseract 3.04.00' />
  <meta name='ocr-capabilities' content='ocr_page ocr_carea ocr_par ocr_line ocrx_word'/>
</head>
<body>
  <div class='ocr_page' id='page_1' title='image "./depropertiicarm00tuergoog_0055.png"; bbox 0 0 2812 4688; ppageno 0'>
   <div class='ocr_carea' id='block_1_1' title="bbox 587 315 801 385">
    <p class='ocr_par' dir='ltr' id='par_1_1' title="bbox 587 315 801 385">
     <span class='ocr_line' id='line_1_1' title="bbox 587 315 801 385; baseline -0.005 -20"><span class='ocrx_word' id='word_1_1' title='bbox 587 315 801 385; x_wconf 75' lang='grc'>-46-</span> 
     </span>
    </p>
   </div>
   <div class='ocr_carea' id='block_1_2' title="bbox 126 506 1276 3190">
    <p class='ocr_par' dir='ltr' id='par_1_2' title="bbox 285 506 1122 594">
     <span class='ocr_line' id='line_1_2' title="bbox 285 506 1122 594; baseline -0.002 -17"><span class='ocrx_word' id='word_1_2' title='bbox 285 510 400 577; x_wconf 81' lang='lat' dir='ltr'>Cossus</span> <span class='ocrx_word' id='word_1_3' title='bbox 424 516 459 576; x_wconf 93' lang='lat' dir='ltr'><strong>at</strong></span> <span class='ocrx_word' id='word_1_4' title='bbox 479 511 656 592; x_wconf 73' lang='lat' dir='ltr'><strong>insequitur</strong></span> <span class='ocrx_word' id='word_1_5' title='bbox 673 508 819 575; x_wconf 75' lang='lat' dir='ltr'>Veientis</span> <span class='ocrx_word' id='word_1_6' title='bbox 842 506 942 575; x_wconf 90' lang='lat' dir='ltr'><strong>caede</strong></span> <span class='ocrx_word' id='word_1_7' title='bbox 964 506 1122 594; x_wconf 86' lang='lat' dir='ltr'><strong>Tolumni,</strong></span> 
     </span>
    </p>

    <p class='ocr_par' dir='ltr' id='par_1_3' title="bbox 128 612 1276 1096">
     <span class='ocr_line' id='line_1_3' title="bbox 284 612 991 699; baseline -0.003 -20"><span class='ocrx_word' id='word_1_8' title='bbox 284 617 412 681; x_wconf 87' lang='lat' dir='ltr'><strong>vincere</strong></span> <span class='ocrx_word' id='word_1_9' title='bbox 436 634 508 679; x_wconf 90' lang='lat' dir='ltr'><strong>cum</strong></span> <span class='ocrx_word' id='word_1_10' title='bbox 531 613 627 679; x_wconf 84' lang='lat' dir='ltr'><strong>Veios</strong></span> <span class='ocrx_word' id='word_1_11' title='bbox 651 633 746 699; x_wconf 86' lang='lat' dir='ltr'><strong>posse</strong></span> <span class='ocrx_word' id='word_1_12' title='bbox 768 612 889 679; x_wconf 88' lang='lat' dir='ltr'><strong>laboris</strong></span> <span class='ocrx_word' id='word_1_13' title='bbox 905 616 991 679; x_wconf 82' lang='lat' dir='ltr'><strong>erat.</strong></span> 
     </span>
     <span class='ocr_line' id='line_1_4' title="bbox 128 716 1273 802; baseline 0.002 -19"><span class='ocrx_word' id='word_1_14' title='bbox 128 717 233 802; x_wconf 82' lang='lat' dir='ltr'><strong>Atque</strong></span> <span class='ocrx_word' id='word_1_15' title='bbox 261 724 295 784; x_wconf 92' lang='lat' dir='ltr'><strong>ut</strong></span> <span class='ocrx_word' id='word_1_16' title='bbox 322 717 403 783; x_wconf 88' lang='lat' dir='ltr'><strong>illud</strong></span> <span class='ocrx_word' id='word_1_17' title='bbox 426 718 551 783; x_wconf 88' lang='lat' dir='ltr'><strong>facinus</strong></span> <span class='ocrx_word' id='word_1_18' title='bbox 566 717 654 783; x_wconf 88' lang='lat' dir='ltr'><strong>Cossi</strong></span> <span class='ocrx_word' id='word_1_19' title='bbox 677 718 781 800; x_wconf 86' lang='lat' dir='ltr'><strong>magis</strong></span> <span class='ocrx_word' id='word_1_20' title='bbox 804 717 952 798; x_wconf 74' lang='lat' dir='ltr'><strong>illustret,</strong></span> <span class='ocrx_word' id='word_1_21' title='bbox 975 716 1072 784; x_wconf 82' lang='lat' dir='ltr'><strong>Veios</strong></span> <span class='ocrx_word' id='word_1_22' title='bbox 1095 718 1161 785; x_wconf 90' lang='lat' dir='ltr'><strong>illis</strong></span> <span class='ocrx_word' id='word_1_23' title='bbox 1187 726 1273 785; x_wconf 90' lang='lat' dir='ltr'><strong>tem-</strong></span> 
     </span>
     <span class='ocr_line' id='line_1_5' title="bbox 132 820 1275 907; baseline 0.003 -20"><span class='ocrx_word' id='word_1_24' title='bbox 132 821 272 907; x_wconf 85' lang='lat' dir='ltr'><strong>poribus,</strong></span> <span class='ocrx_word' id='word_1_25' title='bbox 289 823 403 907; x_wconf 89' lang='lat' dir='ltr'><strong>quibus</strong></span> <span class='ocrx_word' id='word_1_26' title='bbox 412 821 550 886; x_wconf 86' lang='lat' dir='ltr'><strong>Romani</strong></span> <span class='ocrx_word' id='word_1_27' title='bbox 566 820 707 885; x_wconf 90' lang='lat' dir='ltr'><strong>noudum</strong></span> <span class='ocrx_word' id='word_1_28' title='bbox 723 820 809 886; x_wconf 89' lang='lat' dir='ltr'><strong>ultra</strong></span> <span class='ocrx_word' id='word_1_29' title='bbox 819 821 958 887; x_wconf 85' lang='lat' dir='ltr'><strong>Tiberim</strong></span> <span class='ocrx_word' id='word_1_30' title='bbox 972 824 1134 907; x_wconf 82' lang='lat' dir='ltr'><strong>progressi</strong></span> <span class='ocrx_word' id='word_1_31' title='bbox 1150 831 1275 906; x_wconf 88' lang='lat' dir='ltr'><strong>essent,</strong></span> 
     </span>
     <span class='ocr_line' id='line_1_6' title="bbox 129 923 1276 1011; baseline 0.003 -21"><span class='ocrx_word' id='word_1_32' title='bbox 129 927 283 992; x_wconf 86' lang='lat' dir='ltr'><strong>institutis</strong></span> <span class='ocrx_word' id='word_1_33' title='bbox 306 933 338 991; x_wconf 91' lang='lat' dir='ltr'><strong>et</strong></span> <span class='ocrx_word' id='word_1_34' title='bbox 360 926 486 1008; x_wconf 82' lang='lat' dir='ltr'><strong>legibus</strong></span> <span class='ocrx_word' id='word_1_35' title='bbox 509 923 653 991; x_wconf 87' lang='lat' dir='ltr'><strong>floruisse</strong></span> <span class='ocrx_word' id='word_1_36' title='bbox 676 927 820 1011; x_wconf 84' lang='lat' dir='ltr'><strong>exponit,</strong></span> <span class='ocrx_word' id='word_1_37' title='bbox 850 945 908 992; x_wconf 86' lang='lat' dir='ltr'><strong>sua</strong></span> <span class='ocrx_word' id='word_1_38' title='bbox 931 931 1038 990; x_wconf 89' lang='lat' dir='ltr'><strong>aetate</strong></span> <span class='ocrx_word' id='word_1_39' title='bbox 1060 926 1174 992; x_wconf 89' lang='lat' dir='ltr'><strong>urbem</strong></span> <span class='ocrx_word' id='word_1_40' title='bbox 1200 928 1276 993; x_wconf 91' lang='lat' dir='ltr'><strong>nul-</strong></span> 
     </span>
     <span class='ocr_line' id='line_1_7' title="bbox 128 1029 301 1096; baseline -0.006 -1"><span class='ocrx_word' id='word_1_41' title='bbox 128 1029 194 1095; x_wconf 88' lang='lat' dir='ltr'><strong>lam</strong></span> <span class='ocrx_word' id='word_1_42' title='bbox 218 1051 301 1096; x_wconf 90' lang='lat' dir='ltr'><strong>esse:</strong></span> 
     </span>
    </p>

    <p class='ocr_par' dir='ltr' id='par_1_4' title="bbox 233 1130 1062 1215">
     <span class='ocr_line' id='line_1_8' title="bbox 233 1130 1062 1215; baseline -0.001 -17"><span class='ocrx_word' id='word_1_43' title='bbox 233 1130 289 1199; x_wconf 83' lang='lat'><strong>27:</strong></span> <span class='ocrx_word' id='word_1_44' title='bbox 313 1133 339 1198; x_wconf 87' lang='grc' dir='ltr'><strong>Ο</strong></span> <span class='ocrx_word' id='word_1_45' title='bbox 362 1133 433 1199; x_wconf 88' lang='lat' dir='ltr'><strong>Veii</strong></span> <span class='ocrx_word' id='word_1_46' title='bbox 457 1140 590 1215; x_wconf 87' lang='lat' dir='ltr'><strong>veteres,</strong></span> <span class='ocrx_word' id='word_1_47' title='bbox 613 1141 646 1198; x_wconf 90' lang='lat' dir='ltr'><strong>et</strong></span> <span class='ocrx_word' id='word_1_48' title='bbox 669 1152 723 1198; x_wconf 81' lang='lat' dir='ltr'><strong>vos</strong></span> <span class='ocrx_word' id='word_1_49' title='bbox 745 1141 812 1198; x_wconf 91' lang='lat' dir='ltr'><strong>tum</strong></span> <span class='ocrx_word' id='word_1_50' title='bbox 836 1153 937 1215; x_wconf 83' lang='lat' dir='ltr'><strong>regna</strong></span> <span class='ocrx_word' id='word_1_51' title='bbox 959 1134 1062 1199; x_wconf 85' lang='lat' dir='ltr'><strong>fuistis</strong></span> 
     </span>
    </p>

    <p class='ocr_par' dir='ltr' id='par_1_5' title="bbox 128 1236 1276 2257">
     <span class='ocr_line' id='line_1_9' title="bbox 314 1236 1000 1323; baseline -0.004 -21"><span class='ocrx_word' id='word_1_52' title='bbox 314 1245 347 1303; x_wconf 93' lang='lat' dir='ltr'><strong>et</strong></span> <span class='ocrx_word' id='word_1_53' title='bbox 368 1244 472 1303; x_wconf 88' lang='lat' dir='ltr'><strong>vestro</strong></span> <span class='ocrx_word' id='word_1_54' title='bbox 495 1240 602 1323; x_wconf 90' lang='lat' dir='ltr'><strong>posita</strong></span> <span class='ocrx_word' id='word_1_55' title='bbox 624 1244 672 1303; x_wconf 92' lang='lat' dir='ltr'><strong>est</strong></span> <span class='ocrx_word' id='word_1_56' title='bbox 696 1258 794 1303; x_wconf 87' lang='lat' dir='ltr'><strong>aurea</strong></span> <span class='ocrx_word' id='word_1_57' title='bbox 816 1236 897 1302; x_wconf 89' lang='lat' dir='ltr'><strong>sella</strong></span> <span class='ocrx_word' id='word_1_58' title='bbox 919 1237 1000 1301; x_wconf 84' lang='lat' dir='ltr'><strong>foro:</strong></span> 
     </span>
     <span class='ocr_line' id='line_1_10' title="bbox 314 1339 1040 1427; baseline -0.001 -22"><span class='ocrx_word' id='word_1_59' title='bbox 314 1362 400 1407; x_wconf 92' lang='lat' dir='ltr'><strong>nunc</strong></span> <span class='ocrx_word' id='word_1_60' title='bbox 423 1344 509 1407; x_wconf 89' lang='lat' dir='ltr'><strong>intra</strong></span> <span class='ocrx_word' id='word_1_61' title='bbox 531 1360 638 1407; x_wconf 92' lang='lat' dir='ltr'><strong>muros</strong></span> <span class='ocrx_word' id='word_1_62' title='bbox 660 1343 798 1427; x_wconf 90' lang='lat' dir='ltr'><strong>pastoris</strong></span> <span class='ocrx_word' id='word_1_63' title='bbox 821 1341 940 1406; x_wconf 87' lang='lat' dir='ltr'><strong>bucina</strong></span> <span class='ocrx_word' id='word_1_64' title='bbox 961 1339 1040 1406; x_wconf 92' lang='lat' dir='ltr'><strong>lenti</strong></span> 
     </span>
     <span class='ocr_line' id='line_1_11' title="bbox 316 1445 1078 1511; baseline 0 -1"><span class='ocrx_word' id='word_1_65' title='bbox 316 1452 428 1511; x_wconf 86' lang='lat' dir='ltr'><strong>cantat</strong></span> <span class='ocrx_word' id='word_1_66' title='bbox 451 1452 483 1511; x_wconf 91' lang='lat' dir='ltr'><strong>et</strong></span> <span class='ocrx_word' id='word_1_67' title='bbox 505 1447 540 1510; x_wconf 93' lang='lat' dir='ltr'><strong>in</strong></span> <span class='ocrx_word' id='word_1_68' title='bbox 562 1447 675 1511; x_wconf 88' lang='lat' dir='ltr'><strong>vestris</strong></span> <span class='ocrx_word' id='word_1_69' title='bbox 698 1445 822 1511; x_wconf 90' lang='lat' dir='ltr'><strong>ossibus</strong></span> <span class='ocrx_word' id='word_1_70' title='bbox 845 1464 924 1510; x_wconf 87' lang='lat' dir='ltr'><strong>arva</strong></span> <span class='ocrx_word' id='word_1_71' title='bbox 944 1450 1078 1510; x_wconf 91' lang='lat' dir='ltr'><strong>metunt.</strong></span> 
     </span>
     <span class='ocr_line' id='line_1_12' title="bbox 129 1546 1276 1635; baseline 0.005 -23"><span class='ocrx_word' id='word_1_72' title='bbox 129 1547 209 1613; x_wconf 81' lang='lat' dir='ltr'><strong>Cum</strong></span> <span class='ocrx_word' id='word_1_73' title='bbox 233 1550 294 1614; x_wconf 87' lang='lat' dir='ltr'><strong>hac</strong></span> <span class='ocrx_word' id='word_1_74' title='bbox 318 1549 533 1635; x_wconf 82' lang='lat' dir='ltr'><strong>descriptione</strong></span> <span class='ocrx_word' id='word_1_75' title='bbox 550 1567 742 1635; x_wconf 84' lang='lat' dir='ltr'><strong>conrponere</strong></span> <span class='ocrx_word' id='word_1_76' title='bbox 764 1549 862 1614; x_wconf 86' lang='lat' dir='ltr'><strong>liceat</strong></span> <span class='ocrx_word' id='word_1_77' title='bbox 881 1546 955 1614; x_wconf 93' lang='lat' dir='ltr'><strong>illos</strong></span> <span class='ocrx_word' id='word_1_78' title='bbox 970 1547 1176 1630; x_wconf 83' lang='lat' dir='ltr'><strong>Vergilianos</strong></span> <span class='ocrx_word' id='word_1_79' title='bbox 1200 1571 1276 1618; x_wconf 86' lang='lat' dir='ltr'><strong>ver-</strong></span> 
     </span>
     <span class='ocr_line' id='line_1_13' title="bbox 128 1648 725 1720; baseline -0.002 -3"><span class='ocrx_word' id='word_1_80' title='bbox 128 1673 181 1718; x_wconf 89' lang='lat' dir='ltr'><strong>sus</strong></span> <span class='ocrx_word' id='word_1_81' title='bbox 204 1654 408 1720; x_wconf 84' lang='lat' dir='ltr'><strong>suavissimos</strong></span> <span class='ocrx_word' id='word_1_82' title='bbox 431 1651 488 1718; x_wconf 87' lang='lat' dir='ltr'><strong>Ge.</strong></span> <span class='ocrx_word' id='word_1_83' title='bbox 512 1651 536 1716; x_wconf 93' lang='lat' dir='ltr'><strong>l.</strong></span> <span class='ocrx_word' id='word_1_84' title='bbox 560 1648 725 1718; x_wconf 75' lang='lat'>493-97:</span> 
     </span>
     <span class='ocr_line' id='line_1_14' title="bbox 283 1755 1073 1842; baseline -0.001 -21"><span class='ocrx_word' id='word_1_85' title='bbox 283 1756 407 1822; x_wconf 87' lang='lat' dir='ltr'><strong>scilicet</strong></span> <span class='ocrx_word' id='word_1_86' title='bbox 429 1763 462 1822; x_wconf 91' lang='lat' dir='ltr'><strong>et</strong></span> <span class='ocrx_word' id='word_1_87' title='bbox 483 1762 610 1842; x_wconf 89' lang='lat' dir='ltr'><strong>tempus</strong></span> <span class='ocrx_word' id='word_1_88' title='bbox 633 1759 749 1838; x_wconf 86' lang='lat' dir='ltr'><strong>veniet,</strong></span> <span class='ocrx_word' id='word_1_89' title='bbox 774 1777 845 1820; x_wconf 91' lang='lat' dir='ltr'><strong>eum</strong></span> <span class='ocrx_word' id='word_1_90' title='bbox 869 1755 986 1821; x_wconf 86' lang='lat' dir='ltr'><strong>linibus</strong></span> <span class='ocrx_word' id='word_1_91' title='bbox 1008 1756 1073 1821; x_wconf 89' lang='lat' dir='ltr'><strong>illis</strong></span> 
     </span>
     <span class='ocr_line' id='line_1_15' title="bbox 283 1859 1024 1943; baseline -0.003 -18"><span class='ocrx_word' id='word_1_92' title='bbox 283 1860 437 1943; x_wconf 87' lang='lat' dir='ltr'><strong>agricola,</strong></span> <span class='ocrx_word' id='word_1_93' title='bbox 459 1862 590 1926; x_wconf 89' lang='lat' dir='ltr'><strong>incurvo</strong></span> <span class='ocrx_word' id='word_1_94' title='bbox 613 1868 733 1926; x_wconf 91' lang='lat' dir='ltr'><strong>terram</strong></span> <span class='ocrx_word' id='word_1_95' title='bbox 755 1859 884 1925; x_wconf 91' lang='lat' dir='ltr'><strong>molitus</strong></span> <span class='ocrx_word' id='word_1_96' title='bbox 907 1866 1024 1942; x_wconf 90' lang='lat' dir='ltr'><strong>aratro,</strong></span> 
     </span>
     <span class='ocr_line' id='line_1_16' title="bbox 283 1963 950 2049; baseline 0.003 -20"><span class='ocrx_word' id='word_1_97' title='bbox 283 1984 381 2030; x_wconf 85' lang='lat' dir='ltr'><strong>exesa</strong></span> <span class='ocrx_word' id='word_1_98' title='bbox 403 1966 544 2031; x_wconf 80' lang='lat' dir='ltr'><strong>inveniet</strong></span> <span class='ocrx_word' id='word_1_99' title='bbox 567 1965 682 2030; x_wconf 86' lang='lat' dir='ltr'><strong>scabra</strong></span> <span class='ocrx_word' id='word_1_100' title='bbox 704 1965 848 2046; x_wconf 79' lang='lat' dir='ltr'><strong>robigine</strong></span> <span class='ocrx_word' id='word_1_101' title='bbox 872 1963 950 2049; x_wconf 81' lang='lat' dir='ltr'><strong>pila,</strong></span> 
     </span>
     <span class='ocr_line' id='line_1_17' title="bbox 284 2068 1087 2154; baseline 0 -21"><span class='ocrx_word' id='word_1_102' title='bbox 284 2074 340 2133; x_wconf 90' lang='lat' dir='ltr'><strong>aut</strong></span> <span class='ocrx_word' id='word_1_103' title='bbox 361 2069 512 2151; x_wconf 85' lang='lat' dir='ltr'><strong>gravibus</strong></span> <span class='ocrx_word' id='word_1_104' title='bbox 535 2071 646 2135; x_wconf 85' lang='lat' dir='ltr'><strong>rastris</strong></span> <span class='ocrx_word' id='word_1_105' title='bbox 669 2068 780 2151; x_wconf 82' lang='lat' dir='ltr'><strong>galeas</strong></span> <span class='ocrx_word' id='word_1_106' title='bbox 803 2068 947 2154; x_wconf 83' lang='lat' dir='ltr'><strong>pulsabit</strong></span> <span class='ocrx_word' id='word_1_107' title='bbox 969 2068 1087 2149; x_wconf 88' lang='lat' dir='ltr'><strong>inanis,</strong></span> 
     </span>
     <span class='ocr_line' id='line_1_18' title="bbox 282 2171 1101 2257; baseline 0.001 -21"><span class='ocrx_word' id='word_1_108' title='bbox 282 2171 481 2256; x_wconf 83' lang='lat' dir='ltr'><strong>grandiaque</strong></span> <span class='ocrx_word' id='word_1_109' title='bbox 503 2171 625 2238; x_wconf 87' lang='lat' dir='ltr'><strong>effossis</strong></span> <span class='ocrx_word' id='word_1_110' title='bbox 647 2173 818 2238; x_wconf 88' lang='lat' dir='ltr'><strong>mirabitur</strong></span> <span class='ocrx_word' id='word_1_111' title='bbox 841 2192 914 2238; x_wconf 91' lang='lat' dir='ltr'><strong>ossa</strong></span> <span class='ocrx_word' id='word_1_112' title='bbox 936 2172 1101 2257; x_wconf 81' lang='lat' dir='ltr'><strong>sepulcris,</strong></span> 
     </span>
    </p>

    <p class='ocr_par' dir='ltr' id='par_1_6' title="bbox 126 2273 1270 2984">
     <span class='ocr_line' id='line_1_19' title="bbox 230 2273 1270 2362; baseline 0.003 -23"><span class='ocrx_word' id='word_1_113' title='bbox 230 2273 336 2359; x_wconf 86' lang='lat' dir='ltr'><strong>Atque</strong></span> <span class='ocrx_word' id='word_1_114' title='bbox 358 2275 417 2341; x_wconf 90' lang='lat' dir='ltr'><strong>illa</strong></span> <span class='ocrx_word' id='word_1_115' title='bbox 431 2274 584 2342; x_wconf 91' lang='lat' dir='ltr'><strong>Veiorum</strong></span> <span class='ocrx_word' id='word_1_116' title='bbox 607 2276 823 2362; x_wconf 81' lang='lat' dir='ltr'><strong>descriptione</strong></span> <span class='ocrx_word' id='word_1_117' title='bbox 846 2277 1025 2360; x_wconf 87' lang='lat' dir='ltr'><strong>praemissa</strong></span> <span class='ocrx_word' id='word_1_118' title='bbox 1047 2282 1146 2361; x_wconf 87' lang='lat' dir='ltr'><strong>poeta</strong></span> <span class='ocrx_word' id='word_1_119' title='bbox 1168 2275 1270 2342; x_wconf 85' lang='lat' dir='ltr'><strong>refert</strong></span> 
     </span>
     <span class='ocr_line' id='line_1_20' title="bbox 128 2377 1270 2466; baseline 0.003 -23"><span class='ocrx_word' id='word_1_120' title='bbox 128 2377 168 2444; x_wconf 90' lang='lat' dir='ltr'><strong>de</strong></span> <span class='ocrx_word' id='word_1_121' title='bbox 202 2400 313 2464; x_wconf 84' lang='lat' dir='ltr'><strong>pugna</strong></span> <span class='ocrx_word' id='word_1_122' title='bbox 346 2381 430 2444; x_wconf 90' lang='lat' dir='ltr'><strong>inter</strong></span> <span class='ocrx_word' id='word_1_123' title='bbox 463 2379 595 2445; x_wconf 85' lang='lat' dir='ltr'><strong>Cossum</strong></span> <span class='ocrx_word' id='word_1_124' title='bbox 630 2389 661 2445; x_wconf 88' lang='lat' dir='ltr'><strong>et</strong></span> <span class='ocrx_word' id='word_1_125' title='bbox 694 2379 896 2444; x_wconf 85' lang='lat' dir='ltr'><strong>Tolumnium</strong></span> <span class='ocrx_word' id='word_1_126' title='bbox 930 2381 1102 2444; x_wconf 89' lang='lat' dir='ltr'><strong>commissa</strong></span> <span class='ocrx_word' id='word_1_127' title='bbox 1135 2397 1270 2466; x_wconf 90' lang='lat' dir='ltr'><strong>prorsus</strong></span> 
     </span>
     <span class='ocr_line' id='line_1_21' title="bbox 128 2481 1268 2569; baseline 0.003 -23"><span class='ocrx_word' id='word_1_128' title='bbox 128 2481 253 2550; x_wconf 84' lang='lat' dir='ltr'><strong>diverse</strong></span> <span class='ocrx_word' id='word_1_129' title='bbox 281 2483 322 2548; x_wconf 90' lang='lat' dir='ltr'><strong>ab</strong></span> <span class='ocrx_word' id='word_1_130' title='bbox 352 2483 423 2549; x_wconf 89' lang='lat' dir='ltr'><strong>aliis</strong></span> <span class='ocrx_word' id='word_1_131' title='bbox 452 2483 707 2569; x_wconf 82' lang='lat' dir='ltr'><strong>scriptoribus3¹)</strong></span> <span class='ocrx_word' id='word_1_132' title='bbox 735 2491 847 2548; x_wconf 88' lang='lat' dir='ltr'><strong>narrat</strong></span> <span class='ocrx_word' id='word_1_133' title='bbox 875 2485 960 2548; x_wconf 87' lang='lat' dir='ltr'><strong>euim</strong></span> <span class='ocrx_word' id='word_1_134' title='bbox 987 2482 1120 2549; x_wconf 83' lang='lat' dir='ltr'><strong>Cossum</strong></span> <span class='ocrx_word' id='word_1_135' title='bbox 1148 2481 1268 2549; x_wconf 90' lang='lat' dir='ltr'><strong>ducem</strong></span> 
     </span>
     <span class='ocr_line' id='line_1_22' title="bbox 128 2585 1268 2673; baseline 0.002 -22"><span class='ocrx_word' id='word_1_136' title='bbox 128 2586 266 2651; x_wconf 92' lang='lat' dir='ltr'><strong>hostium</strong></span> <span class='ocrx_word' id='word_1_137' title='bbox 289 2587 332 2653; x_wconf 91' lang='lat' dir='ltr'><strong>ad</strong></span> <span class='ocrx_word' id='word_1_138' title='bbox 359 2595 523 2653; x_wconf 83' lang='lat' dir='ltr'><strong>certamen</strong></span> <span class='ocrx_word' id='word_1_139' title='bbox 551 2588 713 2669; x_wconf 82' lang='lat' dir='ltr'><strong>singulare</strong></span> <span class='ocrx_word' id='word_1_140' title='bbox 741 2607 942 2673; x_wconf 80' lang='lat' dir='ltr'><strong>provocasse.</strong></span> <span class='ocrx_word' id='word_1_141' title='bbox 988 2585 1078 2664; x_wconf 85' lang='lat' dir='ltr'><strong>Quod</strong></span> <span class='ocrx_word' id='word_1_142' title='bbox 1105 2589 1205 2669; x_wconf 83' lang='lat' dir='ltr'><strong>igitur</strong></span> <span class='ocrx_word' id='word_1_143' title='bbox 1231 2589 1268 2653; x_wconf 92' lang='lat' dir='ltr'><strong>in</strong></span> 
     </span>
     <span class='ocr_line' id='line_1_23' title="bbox 128 2689 1269 2776; baseline 0.002 -22"><span class='ocrx_word' id='word_1_144' title='bbox 128 2711 237 2776; x_wconf 83' lang='lat' dir='ltr'><strong>pugna</strong></span> <span class='ocrx_word' id='word_1_145' title='bbox 262 2691 391 2757; x_wconf 86' lang='lat' dir='ltr'><strong>Romuli</strong></span> <span class='ocrx_word' id='word_1_146' title='bbox 417 2691 581 2757; x_wconf 89' lang='lat' dir='ltr'><strong>narranda</strong></span> <span class='ocrx_word' id='word_1_147' title='bbox 607 2693 728 2774; x_wconf 89' lang='lat' dir='ltr'><strong>omisit,</strong></span> <span class='ocrx_word' id='word_1_148' title='bbox 756 2691 790 2756; x_wconf 91' lang='lat' dir='ltr'><strong>id</strong></span> <span class='ocrx_word' id='word_1_149' title='bbox 818 2690 860 2756; x_wconf 91' lang='lat' dir='ltr'><strong>ad</strong></span> <span class='ocrx_word' id='word_1_150' title='bbox 887 2691 1045 2776; x_wconf 90' lang='lat' dir='ltr'><strong>proelium</strong></span> <span class='ocrx_word' id='word_1_151' title='bbox 1072 2689 1162 2756; x_wconf 86' lang='lat' dir='ltr'><strong>Cossi</strong></span> <span class='ocrx_word' id='word_1_152' title='bbox 1192 2713 1269 2757; x_wconf 90' lang='lat' dir='ltr'><strong>eum</strong></span> 
     </span>
     <span class='ocr_line' id='line_1_24' title="bbox 126 2793 1268 2878; baseline 0.001 -18"><span class='ocrx_word' id='word_1_153' title='bbox 126 2794 328 2860; x_wconf 89' lang='lat' dir='ltr'><strong>transtulisse</strong></span> <span class='ocrx_word' id='word_1_154' title='bbox 363 2795 585 2860; x_wconf 90' lang='lat' dir='ltr'><strong>coniciendum</strong></span> <span class='ocrx_word' id='word_1_155' title='bbox 620 2801 676 2860; x_wconf 90' lang='lat' dir='ltr'><strong>est.</strong></span> <span class='ocrx_word' id='word_1_156' title='bbox 727 2794 795 2859; x_wconf 90' lang='lat' dir='ltr'><strong>Hoc</strong></span> <span class='ocrx_word' id='word_1_157' title='bbox 830 2802 938 2860; x_wconf 87' lang='lat' dir='ltr'><strong>autern</strong></span> <span class='ocrx_word' id='word_1_158' title='bbox 972 2801 1095 2860; x_wconf 87' lang='lat' dir='ltr'><strong>certum</strong></span> <span class='ocrx_word' id='word_1_159' title='bbox 1127 2793 1268 2878; x_wconf 84' lang='lat' dir='ltr'><strong>uidetur,</strong></span> 
     </span>
     <span class='ocr_line' id='line_1_25' title="bbox 128 2899 827 2984; baseline 0.003 -20"><span class='ocrx_word' id='word_1_160' title='bbox 128 2905 244 2984; x_wconf 87' lang='lat' dir='ltr'><strong>poetae</strong></span> <span class='ocrx_word' id='word_1_161' title='bbox 267 2899 367 2964; x_wconf 88' lang='lat' dir='ltr'><strong>verba</strong></span> <span class='ocrx_word' id='word_1_162' title='bbox 825 2919 827 2923; x_wconf 86' lang='lat'>·</span> 
     </span>
    </p>

    <p class='ocr_par' dir='ltr' id='par_1_7' title="bbox 253 2999 1046 3190">
     <span class='ocr_line' id='line_1_26' title="bbox 253 2999 1046 3068; baseline 0 -1"><span class='ocrx_word' id='word_1_163' title='bbox 253 2999 308 3067; x_wconf 80' lang='lat'><strong>37:</strong></span> <span class='ocrx_word' id='word_1_164' title='bbox 745 3001 876 3068; x_wconf 86' lang='lat' dir='ltr'><strong>desecta</strong></span> <span class='ocrx_word' id='word_1_165' title='bbox 898 3002 1046 3067; x_wconf 90' lang='lat' dir='ltr'><strong>Tolumni</strong></span> 
     </span>
     <span class='ocr_line' id='line_1_27' title="bbox 335 3106 1027 3190; baseline 0 -20"><span class='ocrx_word' id='word_1_166' title='bbox 335 3108 442 3172; x_wconf 88' lang='lat' dir='ltr'><strong>cervix</strong></span> <span class='ocrx_word' id='word_1_167' title='bbox 465 3106 626 3171; x_wconf 82' lang='lat' dir='ltr'><strong>Romanos</strong></span> <span class='ocrx_word' id='word_1_168' title='bbox 649 3108 806 3189; x_wconf 82' lang='lat' dir='ltr'><strong>sauguine</strong></span> <span class='ocrx_word' id='word_1_169' title='bbox 829 3106 909 3173; x_wconf 83' lang='lat' dir='ltr'><strong>lauit</strong></span> <span class='ocrx_word' id='word_1_170' title='bbox 931 3125 1027 3190; x_wconf 90' lang='lat' dir='ltr'><strong>equos</strong></span> 
     </span>
    </p>
   </div>
   <div class='ocr_carea' id='block_1_3' title="bbox 130 3280 335 3292">
    <p class='ocr_par' dir='ltr' id='par_1_8' title="bbox 130 3280 335 3292">
     <span class='ocr_line' id='line_1_28' title="bbox 130 3280 335 3292; baseline -0.005 -3"><span class='ocrx_word' id='word_1_171' title='bbox 130 3280 335 3292; x_wconf 81' lang='lat'><strong>..-...-—·</strong></span> 
     </span>
    </p>
   </div>
   <div class='ocr_carea' id='block_1_4' title="bbox 127 3378 1270 4145">
    <p class='ocr_par' dir='ltr' id='par_1_9' title="bbox 127 3378 1270 4145">
     <span class='ocr_line' id='line_1_29' title="bbox 230 3378 1267 3452; baseline 0 -18"><span class='ocrx_word' id='word_1_172' title='bbox 230 3382 252 3450; x_wconf 85' lang='lat'><strong>¹)</strong></span> <span class='ocrx_word' id='word_1_173' title='bbox 265 3379 356 3435; x_wconf 84' lang='lat' dir='ltr'><strong>Livius</strong></span> <span class='ocrx_word' id='word_1_174' title='bbox 366 3380 451 3435; x_wconf 86' lang='lat' dir='ltr'><strong>tradit</strong></span> <span class='ocrx_word' id='word_1_175' title='bbox 460 3380 503 3434; x_wconf 92' lang='lat' dir='ltr'><strong>lV.</strong></span> <span class='ocrx_word' id='word_1_176' title='bbox 515 3381 555 3446; x_wconf 87' lang='grc'><strong>19,</strong></span> <span class='ocrx_word' id='word_1_177' title='bbox 565 3381 646 3435; x_wconf 79' lang='lat'>2-5:</span> <span class='ocrx_word' id='word_1_178' title='bbox 661 3381 790 3452; x_wconf 70' lang='lat' dir='ltr'><strong>(bessus)</strong></span> <span class='ocrx_word' id='word_1_179' title='bbox 801 3397 862 3435; x_wconf 91' lang='lat' dir='ltr'><strong>cum</strong></span> <span class='ocrx_word' id='word_1_180' title='bbox 872 3382 906 3435; x_wconf 87' lang='lat' dir='ltr'><strong>ad</strong></span> <span class='ocrx_word' id='word_1_181' title='bbox 917 3382 1046 3451; x_wconf 90' lang='lat' dir='ltr'><strong>impetum</strong></span> <span class='ocrx_word' id='word_1_182' title='bbox 1052 3378 1187 3434; x_wconf 88' lang='lat' dir='ltr'><strong>Tolumnii</strong></span> <span class='ocrx_word' id='word_1_183' title='bbox 1199 3394 1267 3450; x_wconf 87' lang='lat' dir='ltr'><strong>qua·</strong></span> 
     </span>
     <span class='ocr_line' id='line_1_30' title="bbox 127 3465 1270 3538; baseline 0.002 -20"><span class='ocrx_word' id='word_1_184' title='bbox 127 3482 234 3537; x_wconf 86' lang='lat' dir='ltr'><strong>cunque</strong></span> <span class='ocrx_word' id='word_1_185' title='bbox 252 3483 281 3521; x_wconf 92' lang='lat' dir='ltr'><strong>se</strong></span> <span class='ocrx_word' id='word_1_186' title='bbox 299 3467 459 3522; x_wconf 88' lang='lat' dir='ltr'><strong>intendisset</strong></span> <span class='ocrx_word' id='word_1_187' title='bbox 481 3467 643 3538; x_wconf 90' lang='lat' dir='ltr'><strong>trepidantis</strong></span> <span class='ocrx_word' id='word_1_188' title='bbox 667 3468 805 3523; x_wconf 86' lang='lat' dir='ltr'><strong>Romanas</strong></span> <span class='ocrx_word' id='word_1_189' title='bbox 828 3469 931 3522; x_wconf 88' lang='lat' dir='ltr'><strong>videret</strong></span> <span class='ocrx_word' id='word_1_190' title='bbox 954 3471 1057 3522; x_wconf 86' lang='lat' dir='ltr'><strong>turmas</strong></span> <span class='ocrx_word' id='word_1_191' title='bbox 1080 3465 1270 3536; x_wconf 81' lang='lat' dir='ltr'><strong>insignemque</strong></span> 
     </span>
     <span class='ocr_line' id='line_1_31' title="bbox 127 3552 1269 3624; baseline 0.002 -20"><span class='ocrx_word' id='word_1_192' title='bbox 127 3568 188 3605; x_wconf 90' lang='lat' dir='ltr'><strong>eum</strong></span> <span class='ocrx_word' id='word_1_193' title='bbox 212 3553 285 3623; x_wconf 85' lang='lat' dir='ltr'><strong>regio</strong></span> <span class='ocrx_word' id='word_1_194' title='bbox 309 3554 404 3609; x_wconf 90' lang='lat' dir='ltr'><strong>habitu</strong></span> <span class='ocrx_word' id='word_1_195' title='bbox 427 3554 585 3609; x_wconf 84' lang='lat' dir='ltr'><strong>volitantem</strong></span> <span class='ocrx_word' id='word_1_196' title='bbox 607 3557 669 3608; x_wconf 89' lang='lat' dir='ltr'><strong>tota</strong></span> <span class='ocrx_word' id='word_1_197' title='bbox 691 3555 749 3608; x_wconf 87' lang='lat' dir='ltr'><strong>acie</strong></span> <span class='ocrx_word' id='word_1_198' title='bbox 768 3558 925 3624; x_wconf 80' lang='lat' dir='ltr'><strong>cognosset,</strong></span> <span class='ocrx_word' id='word_1_199' title='bbox 950 3554 1056 3620; x_wconf 84' lang='lat' dir='ltr'><strong>„hicine</strong></span> <span class='ocrx_word' id='word_1_200' title='bbox 1078 3555 1145 3620; x_wconf 77' lang='lat' dir='ltr'><strong>est“,</strong></span> <span class='ocrx_word' id='word_1_201' title='bbox 1169 3552 1269 3623; x_wconf 90' lang='lat' dir='ltr'><strong>inquit,</strong></span> 
     </span>
     <span class='ocr_line' id='line_1_32' title="bbox 129 3640 1269 3712; baseline 0.002 -19"><span class='ocrx_word' id='word_1_202' title='bbox 129 3643 241 3710; x_wconf 87' lang='lat' dir='ltr'><strong>„ruptor</strong></span> <span class='ocrx_word' id='word_1_203' title='bbox 259 3642 375 3697; x_wconf 82' lang='lat' dir='ltr'><strong>foederis</strong></span> <span class='ocrx_word' id='word_1_204' title='bbox 394 3641 504 3696; x_wconf 91' lang='lat' dir='ltr'><strong>humani</strong></span> <span class='ocrx_word' id='word_1_205' title='bbox 524 3640 693 3711; x_wconf 84' lang='lat' dir='ltr'><strong>violatorque</strong></span> <span class='ocrx_word' id='word_1_206' title='bbox 711 3642 830 3711; x_wconf 79' lang='lat' dir='ltr'><strong>gentium</strong></span> <span class='ocrx_word' id='word_1_207' title='bbox 850 3642 934 3696; x_wconf 75' lang='lat' dir='ltr'><strong>iuris?</strong></span> <span class='ocrx_word' id='word_1_208' title='bbox 953 3642 1013 3697; x_wconf 83' lang='lat' dir='ltr'><strong>dam</strong></span> <span class='ocrx_word' id='word_1_209' title='bbox 1032 3658 1083 3712; x_wconf 86' lang='lat' dir='ltr'><strong>ego</strong></span> <span class='ocrx_word' id='word_1_210' title='bbox 1101 3640 1172 3693; x_wconf 89' lang='lat' dir='ltr'><strong>hauc</strong></span> <span class='ocrx_word' id='word_1_211' title='bbox 1193 3656 1269 3695; x_wconf 87' lang='lat' dir='ltr'><strong>mao-</strong></span> 
     </span>
     <span class='ocr_line' id='line_1_33' title="bbox 127 3725 1269 3798; baseline 0.003 -19"><span class='ocrx_word' id='word_1_212' title='bbox 127 3729 213 3781; x_wconf 86' lang='lat' dir='ltr'><strong>tatam</strong></span> <span class='ocrx_word' id='word_1_213' title='bbox 231 3728 375 3794; x_wconf 80' lang='lat' dir='ltr'><strong>uictimam,</strong></span> <span class='ocrx_word' id='word_1_214' title='bbox 393 3728 416 3782; x_wconf 87' lang='lat' dir='ltr'><strong>si</strong></span> <span class='ocrx_word' id='word_1_215' title='bbox 436 3727 516 3783; x_wconf 80' lang='lat' dir='ltr'><strong>niodo</strong></span> <span class='ocrx_word' id='word_1_216' title='bbox 529 3727 616 3782; x_wconf 87' lang='lat' dir='ltr'><strong>sancti</strong></span> <span class='ocrx_word' id='word_1_217' title='bbox 636 3728 781 3798; x_wconf 86' lang='lat' dir='ltr'><strong>quicquam</strong></span> <span class='ocrx_word' id='word_1_218' title='bbox 800 3729 827 3782; x_wconf 92' lang='lat' dir='ltr'><strong>in</strong></span> <span class='ocrx_word' id='word_1_219' title='bbox 845 3729 923 3783; x_wconf 89' lang='lat' dir='ltr'><strong>terris</strong></span> <span class='ocrx_word' id='word_1_220' title='bbox 943 3745 1002 3784; x_wconf 90' lang='lat' dir='ltr'><strong>esse</strong></span> <span class='ocrx_word' id='word_1_221' title='bbox 1020 3728 1057 3782; x_wconf 92' lang='lat' dir='ltr'><strong>dii</strong></span> <span class='ocrx_word' id='word_1_222' title='bbox 1070 3727 1173 3792; x_wconf 87' lang='lat' dir='ltr'><strong>volunt,</strong></span> <span class='ocrx_word' id='word_1_223' title='bbox 1194 3725 1269 3798; x_wconf 88' lang='lat' dir='ltr'><strong>lega·</strong></span> 
     </span>
     <span class='ocr_line' id='line_1_34' title="bbox 127 3814 1270 3886; baseline 0.003 -20"><span class='ocrx_word' id='word_1_224' title='bbox 127 3816 216 3867; x_wconf 90' lang='lat' dir='ltr'><strong>torum</strong></span> <span class='ocrx_word' id='word_1_225' title='bbox 234 3815 358 3870; x_wconf 90' lang='lat' dir='ltr'><strong>manibus</strong></span> <span class='ocrx_word' id='word_1_226' title='bbox 377 3815 473 3870; x_wconf 83' lang='lat' dir='ltr'><strong>dabo“.</strong></span> <span class='ocrx_word' id='word_1_227' title='bbox 502 3815 658 3870; x_wconf 81' lang='lat' dir='ltr'><strong>Calcaribus</strong></span> <span class='ocrx_word' id='word_1_228' title='bbox 672 3814 788 3869; x_wconf 89' lang='lat' dir='ltr'><strong>subditis</strong></span> <span class='ocrx_word' id='word_1_229' title='bbox 801 3816 902 3870; x_wconf 84' lang='lat' dir='ltr'><strong>infesta</strong></span> <span class='ocrx_word' id='word_1_230' title='bbox 914 3816 1027 3886; x_wconf 88' lang='lat' dir='ltr'><strong>cuspide</strong></span> <span class='ocrx_word' id='word_1_231' title='bbox 1040 3817 1066 3869; x_wconf 91' lang='lat' dir='ltr'><strong>iu</strong></span> <span class='ocrx_word' id='word_1_232' title='bbox 1079 3830 1163 3868; x_wconf 91' lang='lat' dir='ltr'><strong>uuum</strong></span> <span class='ocrx_word' id='word_1_233' title='bbox 1181 3814 1270 3870; x_wconf 88' lang='lat' dir='ltr'><strong>fertur</strong></span> 
     </span>
     <span class='ocr_line' id='line_1_35' title="bbox 127 3901 1270 3972; baseline 0.004 -20"><span class='ocrx_word' id='word_1_234' title='bbox 127 3901 241 3960; x_wconf 83' lang='lat' dir='ltr'><strong>hostem.</strong></span> <span class='ocrx_word' id='word_1_235' title='bbox 260 3918 337 3972; x_wconf 93' lang='lat' dir='ltr'><strong>quem</strong></span> <span class='ocrx_word' id='word_1_236' title='bbox 352 3917 413 3954; x_wconf 93' lang='lat' dir='ltr'><strong>curn</strong></span> <span class='ocrx_word' id='word_1_237' title='bbox 425 3901 509 3956; x_wconf 93' lang='lat' dir='ltr'><strong>ictum</strong></span> <span class='ocrx_word' id='word_1_238' title='bbox 521 3918 590 3972; x_wconf 91' lang='lat' dir='ltr'><strong>equo</strong></span> <span class='ocrx_word' id='word_1_239' title='bbox 604 3902 755 3967; x_wconf 88' lang='lat' dir='ltr'><strong>deiecisset,</strong></span> <span class='ocrx_word' id='word_1_240' title='bbox 775 3903 917 3957; x_wconf 89' lang='lat' dir='ltr'><strong>confestim</strong></span> <span class='ocrx_word' id='word_1_241' title='bbox 936 3907 963 3956; x_wconf 91' lang='lat' dir='ltr'><strong>et</strong></span> <span class='ocrx_word' id='word_1_242' title='bbox 982 3904 1041 3972; x_wconf 90' lang='lat' dir='ltr'><strong>ipse</strong></span> <span class='ocrx_word' id='word_1_243' title='bbox 1058 3903 1139 3956; x_wconf 87' lang='lat' dir='ltr'><strong>hasta</strong></span> <span class='ocrx_word' id='word_1_244' title='bbox 1157 3901 1270 3957; x_wconf 84' lang='lat' dir='ltr'><strong>iunixus</strong></span> 
     </span>
     <span class='ocr_line' id='line_1_36' title="bbox 128 3987 1269 4064; baseline 0.006 -25"><span class='ocrx_word' id='word_1_245' title='bbox 128 4002 156 4040; x_wconf 83' lang='lat' dir='ltr'><strong>se</strong></span> <span class='ocrx_word' id='word_1_246' title='bbox 174 3987 202 4040; x_wconf 90' lang='lat' dir='ltr'><strong>iu</strong></span> <span class='ocrx_word' id='word_1_247' title='bbox 221 3989 304 4058; x_wconf 79' lang='lat' dir='ltr'><strong>perles</strong></span> <span class='ocrx_word' id='word_1_248' title='bbox 323 3989 445 4058; x_wconf 80' lang='lat' dir='ltr'><strong>excepit3</strong></span> <span class='ocrx_word' id='word_1_249' title='bbox 469 3988 659 4058; x_wconf 82' lang='lat' dir='ltr'><strong>adsurgentem</strong></span> <span class='ocrx_word' id='word_1_250' title='bbox 682 3988 718 4043; x_wconf 92' lang='lat' dir='ltr'><strong>ibi</strong></span> <span class='ocrx_word' id='word_1_251' title='bbox 743 4005 832 4058; x_wconf 81' lang='lat' dir='ltr'><strong>regem</strong></span> <span class='ocrx_word' id='word_1_252' title='bbox 855 3990 970 4046; x_wconf 88' lang='lat' dir='ltr'><strong>umbone</strong></span> <span class='ocrx_word' id='word_1_253' title='bbox 994 3989 1142 4064; x_wconf 85' lang='lat' dir='ltr'><strong>resupinat,</strong></span> <span class='ocrx_word' id='word_1_254' title='bbox 1167 3989 1269 4063; x_wconf 83' lang='lat' dir='ltr'><strong>repeti-</strong></span> 
     </span>
     <span class='ocr_line' id='line_1_37' title="bbox 127 4073 790 4145; baseline 0.003 -13"><span class='ocrx_word' id='word_1_255' title='bbox 127 4082 239 4145; x_wconf 90' lang='lat' dir='ltr'><strong>tumque</strong></span> <span class='ocrx_word' id='word_1_256' title='bbox 256 4073 365 4145; x_wconf 89' lang='lat' dir='ltr'><strong>saepius</strong></span> <span class='ocrx_word' id='word_1_257' title='bbox 385 4075 496 4145; x_wconf 90' lang='lat' dir='ltr'><strong>cuspide</strong></span> <span class='ocrx_word' id='word_1_258' title='bbox 515 4074 550 4129; x_wconf 88' lang='lat' dir='ltr'><strong>ad</strong></span> <span class='ocrx_word' id='word_1_259' title='bbox 568 4076 667 4131; x_wconf 86' lang='lat' dir='ltr'><strong>terram</strong></span> <span class='ocrx_word' id='word_1_260' title='bbox 686 4075 790 4134; x_wconf 83' lang='lat' dir='ltr'><strong>adfixit.</strong></span> 
     </span>
    </p>
   </div>
   <div class='ocr_carea' id='block_1_5' title="bbox 0 0 1410 4688">
    <p class='ocr_par' dir='ltr' id='par_1_10' title="bbox 0 0 1410 4688">
     <span class='ocr_line' id='line_1_38' title="bbox 0 0 1410 4688; baseline 0 0"><span class='ocrx_word' id='word_1_261' title='bbox 0 0 1410 4688; x_wconf 95' lang='lat' dir='ltr'><strong> </strong></span> 
     </span>
    </p>
   </div>
  </div>
 </body>
</html>
