2812 4688
584 314 798 384 ..56-

227 512 306 578 Cum
342 516 450 577 autem
483 508 710 594 Lupercalium
746 530 841 578 sacra
874 506 1070 595 permultum
1108 507 1263 593 temporis

124 635 223 703 penes
245 614 366 680 Fabios
385 619 417 679 et
432 613 620 691 Quinctilius
642 613 739 682 fnisse
763 620 873 679 notum
895 613 947 695 sit,
976 617 1026 677 est
1048 610 1167 676 mirum
1187 608 1262 676 Pro·

125 720 264 805 portium
287 717 372 784 solos
394 716 514 783 Fabios
536 715 668 783 laudare
676 736 706 782 ε·-

300 819 385 886 unde
409 820 511 887 licens
533 819 657 887 Fabius
680 841 772 888 saera
793 821 943 907 lupercus
965 818 1074 885 habet.

125 925 189 992 Sed
216 945 408 1010 quamquam
431 923 606 990 Fabiorum
634 932 763 1008 gentem
789 925 994 991 vetustiorem
1021 920 1121 989 fnisse
1149 920 1265 999 Quine-

125 1030 203 1096 tiliis
236 1031 321 1094 inter
354 1029 472 1095 multos
495 1036 637 1111 constat,
671 1035 781 1094 tamen
815 1027 941 1110 dubito,
976 1046 1053 1091 num
1080 1023 1266 1111 Propertius

125 1134 208 1200 hane
231 1139 410 1218 temporum
434 1133 592 1197 rationem
616 1130 845 1219 praedicandis
867 1129 980 1198 Fabiis
1002 1127 1191 1212 significare
1213 1145 1267 1193 vo·

126 1237 236 1318 lnen‘t3
259 1238 366 1323 potius
389 1242 437 1302 est
461 1235 698 1316 coniciendum,
727 1242 859 1321 poetam
882 1234 997 1301 eodem
1018 1231 1114 1298 modo
1139 1232 1267 1300 omissis

124 1340 305 1419 Quinctiliis
339 1338 459 1405 Fabios
492 1338 655 1422 laudasse,
690 1358 751 1423 quo
786 1345 884 1405 antea
911 1360 939 1404 v.
963 1334 998 1402 9:
1037 1355 1095 1424 pro
1129 1335 1268 1403 Romulo

123 1444 273 1527 Remum,
318 1445 339 1508 i.
377 1465 404 1510 e.
442 1463 541 1507 unum
584 1462 642 1529 pro
687 1449 820 1526 utroque
843 1443 976 1507 nomina
1000 1442 1090 1507 verit.
1146 1439 1269 1526 Atque

125 1554 237 1630 gentes
272 1550 356 1613 inter
389 1567 423 1613 se
459 1541 649 1613 auctoritate
683 1567 779 1632 pares
801 1547 917 1627 fuisse,
936 1545 1057 1628 'colligi
1091 1552 1203 1631 potest
1228 1544 1269 1612 ex

125 1651 240 1717 Paullo
263 1673 295 1737 p.
313 1646 392 1714 257:
421 1650 628 1727 Quinctiliani
651 1640 788 1736 Luperci
817 1649 974 1736 appellati
1005 1655 1078 1722 sunt
1107 1647 1270 1727 aQnine-

126 1756 196 1821 tilio
225 1753 364 1839 quodam
387 1755 440 1838 qni
464 1756 667 1840 praepositus
693 1761 742 1821 est
763 1753 928 1840 Lupercis,
956 1759 991 1819 ut
1013 1774 1033 1818 a
1054 1751 1160 1818 Fabio
1183 1751 1270 1819 dieti

126 1866 200 1925 sunt
227 1858 369 1924 Fabiani
396 1857 534 1943 Luperci
568 1858 682 1942 quibus
709 1858 761 1923 hie
788 1858 991 1945 praepositus
1018 1856 1123 1922 fuerit.
1170 1856 1272 1924 fnisse

127 1968 233 2029 autem
258 1962 386 2027 Romuli
410 1962 608 2047 temporibus
629 1963 793 2029 institutos
820 1968 970 2045 utrosque
993 1959 1216 2028 etFabianos
1239 1968 1273 2028 et

128 2065 363 2144 Quinctilianos
385 2065 480 2131 multi
502 2072 576 2132 sunt
598 2067 651 2150 qui
674 2065 874 2131 tradiderint.
886 2063 909 2149 ¹)

230 2169 279 2234 De
302 2191 336 2236 re
358 2169 493 2234 militari
517 2190 599 2253 quae
622 2169 718 2236 refert
740 2169 925 2256 Propertius

271 2269 328 2338 27:
352 2293 413 2338 nec
436 2271 523 2339 rudis
545 2273 670 2339 infestis
693 2273 785 2339 miles
807 2272 959 2338 radiabat
981 2274 1015 2337 in
1038 2274 1147 2356 armis,

354 2377 534 2442 miscebant
556 2384 629 2443 usta
652 2377 777 2462 proelia
798 2375 887 2442 nuda
913 2375 1002 2443 sude.

127 2485 165 2530 ea
190 2462 232 2528 ad
254 2462 433 2545 Vergilium
456 2462 559 2528 redire
583 2471 721 2550 apparet
743 2461 861 2529 eollato
885 2461 965 2554 loco

170 2566 250 2632 Aen.
268 2565 338 2632 Vll.
356 2564 433 2632 523:
849 2560 1026 2632 certamine
1050 2567 1169 2648 agresti

452 2671 614 2757 stipitibus
637 2670 725 2736 duris
749 2672 855 2752 agitur
881 2669 1051 2736 sudibusve
1074 2672 1249 2756 praeustis.

128 2774 191 2841 Sed
221 2774 261 2840 de
283 2774 412 2840 Romuli
438 2776 472 2839 in
499 2796 534 2840 re
562 2775 695 2840 militari
718 2780 910 2860 paupertate
937 2781 1035 2860 poeta
1058 2773 1157 2840 etiam
1183 2795 1211 2840 c.
1229 2772 1274 2841 10

128 2879 189 2944 hoe
212 2878 307 2944 modo
332 2881 412 2960 agit:

134 3038 338 3045 ’.υ-ω...-

168 3190 171 3194 λ
234 3121 256 3189 1)
275 3119 388 3174 Ovidius
407 3119 536 3190 confingit
554 3119 654 3174 Fabios
667 3119 821 3188 Quinctiliis
834 3120 986 3191 superiores
1003 3118 1095 3184 luisse,
1114 3133 1176 3174 curn
1195 3120 1273 3176 cibos

132 3223 149 3260 a
167 3206 318 3261 latronibus
337 3206 462 3260 defensos
482 3205 532 3260 seli
552 3206 668 3273 ederent,
687 3205 809 3265 ef.Fast.
823 3206 949 3264 111.373:

372 3292 409 3347 Ut
427 3292 515 3359 rediit,
534 3293 640 3347 veribus
659 3293 803 3347 stridentia
822 3293 942 3347 detrahit
959 3295 1025 3347 exta
1058 3362 1061 3369 ,

375 3381 457 3449 atque
475 3379 514 3433 ait
533 3379 617 3444 „haee
636 3382 708 3433 certe
727 3396 781 3433 nen
800 3379 851 3433 nisi
870 3380 957 3434 victor
975 3378 1063 3433 edet“.

134 3466 224 3534 Atque
243 3465 344 3519 nostris
363 3465 528 3536 temporibus
548 3465 617 3520 inter
635 3466 707 3520 viros
727 3453 898 3521 doctissimos
917 3452 1036 3520 nondum
1056 3466 1190 3532 convenit,
1209 3468 1274 3522 utra

136 3566 202 3619 gens
220 3552 353 3606 vetnstior
371 3552 412 3605 rel
431 3551 546 3607 nobilior
563 3552 689 3629 habenda
706 3552 750 3610 sit.
777 3552 957 3608 Mommsenus
976 3554 1092 3624 quidem,
1110 3569 1172 3608 cum
1190 3555 1274 3608 antea

134 3636 202 3691 haee
229 3639 382 3708 scripsisset
409 3639 485 3708 (hist.
505 3639 581 3696 Rom.
600 3640 636 3704 1¹,
658 3657 684 3710 p.
702 3626 761 3709 33)':
790 3640 862 3705 „Das
886 3641 1038 3708 Wolfsfest,
1066 3628 1116 3695 das
1144 3640 1194 3696 das
1219 3640 1272 3696 Ge·

136 3722 258 3776 schlecht
277 3723 323 3778 ‹ler
342 3725 438 3780 Fabier
456 3742 498 3780 am
518 3726 717 3797 palatiniscben
734 3726 822 3797 Hilgel
846 3728 974 3799 beging“,
1000 3728 1151 3800 posteriore
1168 3726 1197 3781 in
1215 3727 1273 3782 edi-

135 3809 209 3863 tione
228 3810 276 3877 (1⁶)
296 3812 368 3879 genti
391 3812 555 3878 Quinctiliae
573 3813 646 3868 illam
664 3816 768 3885 partem
791 3814 923 3872 attribuit.
952 3816 1078 3885 Ungerns
1091 3817 1183 3869 autem
1195 3815 1273 3886 quod

136 3897 234 3957 statuit
247 3895 325 3964 (Mus,
339 3897 460 3956 Rhenan.
474 3903 515 3967 36,
528 3902 573 3971 55)
587 3901 749 3970 Quinctilies
767 3902 829 3956 ideo
842 3901 934 3956 Fabiis
947 3901 1092 3957 nobiliores
1111 3916 1178 3975 esse,
1198 3902 1273 3972 quod

138 4000 233 4037 nornen
252 3999 344 4037 eorum
367 4001 384 4038 a
403 3986 612 4056 ,quinquando“
632 3988 649 4045 i.
668 4004 690 4046 e.
709 3988 850 4043 lustrando
869 3988 984 4060 petitum
1007 3989 1044 4043 sit
1061 3989 1153 4059 itaque
1170 3988 1274 4044 bonum

137 4086 214 4124 omen
232 4085 298 4141 prae
316 4085 345 4123 se
363 4071 463 4138 tulerit,
482 4073 545 4127 mihi
561 4059 672 4145 'quidem
691 4075 799 4153 minime
817 4075 949 4147 probavit.
