2812 4688
229 694 384 771 Quoniam
408 691 569 757 adfinem
597 694 793 776 quaestionis
822 694 963 778 perveni,
987 699 1099 775 restat,
1122 700 1160 759 ut
1181 714 1268 760 sum·

127 819 213 863 marn
242 798 470 879 cogitationum
499 817 642 863 mearum
678 796 865 862 subducam.
910 796 1017 881 Atque
1051 796 1269 865 elocutionem

126 901 255 985 quidem
278 900 436 987 Propertii
459 922 499 966 ex
524 903 638 967 ceteris
661 902 766 987 poetis
789 901 944 986 pendere,
974 904 1166 987 praesertim
1195 923 1268 968 oum

127 1025 237 1071 omues
260 1012 375 1091 poetae
400 1007 517 1072 aetatis
541 1005 676 1087 Augusti
701 1006 859 1071 artissime
887 1007 971 1071 inter
997 1026 1031 1072 se
1059 1005 1267 1090 cohaereant,

127 1112 190 1175 ianr
215 1111 342 1197 saepius
357 1111 416 1174 viri
433 1109 610 1174 doctissimi
634 1130 705 1173 curn
731 1109 797 1190 alii,
821 1115 889 1173 tum
910 1111 1050 1175 maxime
1067 1109 1268 1193 Zingerleins

126 1213 440 1280 demonstraverunt:
465 1233 528 1296 qua
543 1215 575 1277 in
593 1234 626 1277 re
650 1234 689 1277 cx
713 1215 759 1278 eis
783 1212 988 1297 carminibus,
1011 1235 1093 1297 quae
1116 1214 1267 1298 equidem

126 1318 300 1384 tractanda
327 1318 404 1382 milri
434 1318 603 1403 proposui,¹
624 1323 659 1381 ut
685 1317 773 1382 locos
796 1317 895 1382 talem
918 1318 1162 1384 similitudinem
1187 1340 1269 1406 prae

129 1444 161 1487 se
178 1423 315 1487 ferentes
332 1423 440 1508 plures
457 1427 488 1485 et
504 1421 664 1506 pleniores
675 1421 862 1502 conferrem,
879 1419 1013 1487 fortasse
1029 1421 1108 1487 mihi
1119 1423 1268 1505 contigit.

230 1526 266 1591 ln
284 1513 472 1607 argumento
490 1512 596 1588 autem
621 1523 850 1588 conformando
866 1523 1067 1609 Propertium
1084 1525 1269 1611 complures

126 1638 272 1696 arrictores
299 1636 441 1694 secutum
470 1648 553 1709 esse,
588 1648 626 1692 ex
655 1627 715 1692 hoc
743 1647 814 1692 rneo
841 1627 952 1694 libello
979 1629 1046 1695 lore
1075 1636 1110 1695 ut
1138 1631 1269 1698 eluceat

126 1754 228 1820 spero.
263 1734 402 1811 Quorum
418 1753 611 1816 quamquam
625 1733 767 1796 maxime
784 1730 937 1796 Varronis
960 1731 1060 1798 libros
1084 1731 1123 1799 de
1146 1732 1264 1817 lingua
1297 1784 1302 1793 .

124 1838 238 1920 latina,
262 1839 379 1921 quippe
403 1836 455 1918 qui
480 1835 552 1900 soli'
568 1855 640 1898 corn
668 1834 759 1899 libris
782 1833 822 1899 de
850 1855 884 1898 rc
909 1836 1028 1901 crustica
1052 1835 1095 1902 ad
1118 1845 1268 1905 nostram

126 1948 265 2006 aetatem
289 1941 508 2026 peruenerint,
537 1940 715 2020 nominavi,
743 1946 853 2003 tamen
877 1938 920 2005 ad
943 1959 997 2006 eos
1020 1939 1105 2007 solos
1128 1940 1266 2030 Proper-

124 2047 204 2110 tium
228 2046 406 2131 respexisse
430 2061 493 2107 non
523 2030 701 2127 putandum
730 2049 791 2122 est3
826 2044 923 2127 immo
952 2044 1176 2111 coniciendum
1204 2054 1265 2131 est,

125 2157 255 2233 poetam
283 2148 324 2213 ad
348 2147 502 2217 Varronis
526 2152 622 2217 Aetia
649 2159 681 2216 et
709 2150 751 2216 ad
778 2150 877 2216 libros
906 2150 1035 2217 devita
1064 2152 1178 2237 populi
1199 2152 1266 2218 Ro-

125 2255 211 2318 mani
237 2262 267 2318 et
291 2253 331 2317 de
355 2257 600 2338 antiquitatibus
624 2257 812 2341 saepissime
842 2256 1025 2322 accessisse.
1071 2254 1124 2320 Illi
1152 2262 1266 2323 autem

124 2357 198 2421 libri
222 2356 261 2421 de
284 2357 395 2438 lingua
422 2358 526 2425 latina
555 2381 574 2423 a
601 2360 693 2424 nobis
722 2358 866 2424 adbiberi
894 2365 1046 2444 poterant
1068 2359 1134 2425 sive
1164 2356 1265 2425 debe·

125 2461 213 2543 bant,
231 2483 301 2525 curn
318 2461 494 2527 Varronem
511 2463 613 2528 multa
629 2484 669 2528 ex
686 2464 799 2529 ceteris
815 2463 943 2548 scriptis
960 2463 1146 2547 repetivisse
1163 2469 1265 2547 atque

128 2566 159 2627 in
184 2566 248 2629 suis
271 2567 438 2630 sententiis
462 2567 523 2632 sibi
547 2568 727 2632 constitisse
751 2588 808 2652 per
831 2587 865 2632 se
888 2573 1009 2652 pateat.

228 2668 290 2733 Sed
311 2688 376 2733 non
392 2671 496 2735 minus
518 2672 625 2752 velim,
648 2670 785 2736 multum
807 2670 1013 2736 ualuisseal
1037 2672 1184 2736 cannina
1198 2670 1265 2736 Ro-

127 2793 225 2836 mana
240 2772 322 2837 Liuii
345 2772 454 2856 libros,
479 2773 777 2863 demonstraverim
803 2781 898 2858 atque
920 2781 954 2839 ut
970 2776 1170 2840 coniecturas
1194 2795 1265 2841 rec-

125 2882 192 2941 tam
214 2879 372 2942 rationem
396 2876 589 2943 excedentes
612 2877 752 2958 fecerim,
777 2884 886 2942 tamen
909 2880 984 2961 quin
1007 2878 1115 2944 Livius
1138 2885 1171 2944 et
1185 2877 1276 2945 Pro--

124 2983 245 3065 portius
270 2984 408 3046 intense
433 2982 639 3074 cohaereant,
660 2982 714 3045 rix
738 2981 951 3047 dubitandum
974 2989 1031 3049 est.

227 3085 313 3162 Quae
337 3087 362 3150 si
387 3084 618 3168 conceduntur,
654 3084 855 3178 Propertium
884 3087 917 3150 in
947 3086 1005 3152 illa
1031 3085 1138 3152 studia
1160 3088 1264 3173 scrip-

123 3197 228 3255 torum
254 3190 449 3272 incubuisse,
473 3197 507 3255 ut
535 3189 657 3271 grande
680 3198 712 3256 et
739 3190 925 3255 continuum
953 3209 1069 3276 poema
1097 3188 1263 3273 conderet,

127 3296 204 3376 quin
233 3314 342 3359 ornnes
365 3295 578 3376 consentiant,
607 3294 675 3359 fieri
704 3314 768 3359 non
796 3302 910 3380 potest.
955 3293 1065 3379 Neque
1092 3295 1264 3379 quicquam

130 3399 233 3479 inagis
262 3396 434 3462 dolendum
464 3383 521 3478 est,
550 3419 645 3480 quam
673 3397 757 3481 quod
779 3404 876 3483 poeta
898 3397 979 3463 illud
1002 3418 1081 3485 opus
1104 3396 1263 3466 conficere

123 3507 224 3565 morte
247 3503 419 3567 irnmatura
442 3502 618 3587 prohibitus
642 3508 699 3566 est.
