2812 4688
682 331 892 399 ..28..

220 522 351 606 Plrique
376 532 481 588 antem
505 525 648 605 qrrmenti
673 543 735 587 nox
752 525 935 589 intervenit:

265 626 359 711 Prop.
376 624 430 691 67:
455 625 545 706 dixit,
569 634 601 692 et
624 627 744 692 incerto
763 620 913 712 pennisit
937 627 1087 693 bracchia
1111 649 1233 712 somno,

456 732 565 796 nescia
587 752 645 795 rae
669 731 758 796 iuriis
781 731 968 796 accubuisse
992 734 1090 797 novis.

456 856 529 900 narn
555 834 664 917 Vesta,
688 834 808 900 Iliacae
831 835 908 900 felix
932 837 1033 901 tutela
1056 836 1196 919 favillae,

456 938 607 1024 eulpam
631 937 702 1003 alit
726 947 761 1004 ct
785 939 915 1025 plures
932 940 1063 1006 condit
1084 942 1121 1004 iu
1138 960 1224 1006 ossa
1242 942 1355 1007 iares.

327 1043 382 1108 Or.
400 1039 457 1106 81:
482 1040 573 1106 Talia
595 1041 714 1107 dicenti
739 1064 885 1107 curarum
908 1046 1051 1108 uaxima
1075 1046 1180 1109 nutrix

485 1166 547 1209 nox
571 1146 751 1228 interuenit,
776 1146 1022 1230 tenebrisque
1039 1146 1202 1213 audacia
1226 1151 1356 1216 creuit.

329 1250 377 1325 re
395 1247 451 1314 85:
477 1251 583 1314 omnia
608 1249 807 1334 praebebant
830 1269 966 1316 somnos.
1066 1270 1069 1276 “

328 1355 382 1418 riu.
400 1350 456 1418 83:
482 1355 586 1438 prima
608 1356 696 1437 quies
720 1353 841 1435 aderat,
866 1376 926 1438 qua
950 1356 1034 1420 euris
1057 1356 1140 1421 t'essa
1164 1354 1290 1421 diurnis

481 1463 612 1542 pectora
634 1476 763 1523 somnus
786 1458 892 1523 habet.

224 1561 350 1626 Seelere
367 1563 550 1641 commisso,
573 1569 716 1645 utraque,
740 1569 909 1647 postquam
925 1561 1005 1627 adiit
1028 1561 1152 1646 dneeur,
1176 1572 1211 1628 rrt
1234 1563 1360 1630 dulcem

227 1663 406 1729 mercedem
431 1664 619 1750 proditionis
643 1668 792 1752 accipiat,
818 1667 938 1731 altillo
963 1668 1057 1731 morti
1082 1667 1228 1732 obicitur

329 1768 447 1845 Quibus
475 1770 507 1833 iu
536 1770 653 1839 l'alrulis
686 1770 887 1856 explicandis
917 1769 1064 1835 Ouidium
1097 1778 1129 1835 et
1159 1769 1360 1856 Propertium

226 1893 410 1956 congruere,
435 1893 528 1938 nemo
543 1875 681 1956 negabit.
720 1873 831 1959 ltaque
855 1882 995 1940 nostrum
1021 1882 1069 1940 est
1089 1894 1249 1957 quaerere,
1274 1874 1359 1939 rrnde

229 1977 284 2043 illa
300 1979 381 2042 mira
398 1976 572 2043 similitudo
588 1985 659 2043 orta
675 1980 724 2044 sit.
759 1979 955 2061 Quamquam
971 1977 1103 2061 singulis
1118 1976 1195 2040 locis
1211 1976 1357 2040 Ouidium

228 2081 385 2166 Propertii
402 2081 549 2166 'exemplo
567 2103 658 2147 usum
675 2103 743 2147 esse
768 2083 843 2147 milri
864 2103 1049 2167 porsuasrun
1065 2073 1122 2162 est,
1144 2086 1262 2161 tamen,
1286 2101 1358 2143 eum

228 2183 405 2268 aequalitas
428 2186 568 2250 maxime
595 2186 627 2249 in
650 2186 870 2267 liuearrrontis,
900 2193 933 2250 ut
962 2187 1007 2250 ira.
1035 2184 1154 2264 dicam,
1182 2183 1360 2248 cauninnm

227 2289 334 2374 posita
361 2288 415 2370 sit,
444 2287 593 2353 Ovidium
623 2295 654 2352 et
683 2289 882 2374 Propertium
911 2288 1022 2354 eudem
1048 2309 1086 2354 ex
1109 2288 1197 2352 l'ontc
1219 2286 1362 2352 horruisse

229 2390 450 2456 coniciendum
476 2399 534 2458 est.
569 2391 648 2458 Puto
673 2394 778 2474 igitur,
812 2392 1013 2478 Propertium
1031 2394 1063 2456 in
1079 2389 1236 2476 Tarpeiae
1251 2391 1360 2456 ialmla

229 2494 461 2560 conformanda
494 2496 536 2561 ad
570 2519 641 2561 enm
674 2504 837 2562 auctorem
870 2497 1057 2577 accessisse,
1093 2517 1113 2559 a
1146 2513 1207 2578 quo
1233 2494 1362 2560 Ovidius

231 2600 448 2665 narrationem
471 2600 598 2685 Scyllae
622 2602 751 2667 sceleris
775 2602 948 2686 repetierit.

332 2703 394 2768 Sed
418 2701 610 2769 ‹liliieillima
638 2713 686 2770 est
713 2704 752 2770 do
776 2706 835 2769 lrec
864 2705 1023 2769 communi
1053 2710 1182 2768 auctore
1210 2703 1362 2786 quaestio.

230 2807 298 2872 lloe
321 2827 399 2873 sane
423 2809 506 2873 iuter
528 2828 638 2874 omues
661 2817 803 2891 constat,
832 2807 977 2874 Ouidium
1006 2809 1039 2871 in
1063 2805 1364 2890 Metamorplroseon

230 2911 320 2976 libris
337 2912 577 2978 conscribendis
588 2911 879 2978 Alexandrinorum
897 2918 1065 2997 puetarum
1082 2910 1242 2976 aemulum
1255 2909 1364 2988 luissm

231 3023 325 3098 atque
348 3014 440 3081 huius
463 3017 614 3080 carminis
639 3023 860 3098 argumentum
885 3036 923 3080 ex
940 3015 1104 3080 Parthenii
1128 3013 1365 3079 narrationibus

230 3120 395 3185 amatoriis
411 3141 482 3183 euru
500 3120 684 3204 repetivisse
707 3121 884 3184 communis
907 3120 1015 3204 opinio
1038 3119 1109 3184 fort.
1148 3116 1228 3182 Cum
1245 3122 1363 3196 autom,

231 3229 385 3306 quantum
401 3222 532 3289 Ovidius
548 3244 588 3288 ex
605 3242 642 3287 eo
658 3221 809 3308 pendeat,
825 3225 859 3288 in
874 3244 1000 3289 sumum
1011 3222 1216 3305 reliquiarum
1234 3219 1367 3305 penuria

232 3326 381 3408 cognosci
405 3344 468 3390 non
485 3328 595 3412 possit,
619 3327 698 3392 nihil
721 3326 795 3392 iude
813 3329 846 3392 in
862 3328 1048 3411 qrraestiorre
1064 3330 1173 3390 nostra
1189 3319 1367 3388 dirimenda

233 3427 415 3514 proficimus
426 3428 459 3514 ¹).
493 3429 569 3496 Plus
584 3430 657 3513 loci,
678 3430 733 3496 nbi
757 3432 980 3512 consistamus,
1006 3429 1098 3494 nohis
1115 3427 1250 3514 praebet
1271 3423 1367 3492 Calli-

232 3531 378 3613 machus,
411 3554 504 3617 queru
536 3532 576 3599 de
603 3533 712 3618 Scylla
742 3534 884 3600 fabulam
909 3535 1109 3621 'tractavisse
1138 3529 1261 3596 duobus
1289 3548 1368 3613 qnae

233 3643 404 3720 supersunt
426 3637 613 3719 fragmentis
640 3639 801 3704 docemur.
847 3635 929 3703 Nam
958 3638 995 3702 ir.
1018 3633 1096 3702 184:
1123 3627 1269 3715 »Σκύλλα
1290 3627 1367 3717 γυνή

232 3734 418 3804 nordannim
432 3738 487 3804 καὶ
497 3737 538 3808 ori
549 3736 664 3827 ψύθος
679 3735 791 3822 οὔνομ’
801 3738 936 3822 iponem
949 3739 991 3806 ad
1002 3735 1217 3825 ScyllamNisi
1231 3738 1371 3803 releren-

342 3952 360 4016 ¹)
379 3948 612 4018 Pseudo-Vergilii
642 3965 762 4014 carmen,
790 3947 862 4017 quod
891 3944 1003 4010 „Giris“
1033 3942 1201 4006 inscribitur,
1229 3939 1373 3996 Parthenio

235 4039 346 4091 auctore
365 4035 504 4091 conditum
518 4052 577 4091 esse
590 4033 712 4107 lleyuius
731 4037 877 4105 postquam
896 4032 1021 4097 coniecit,
1040 4028 1265 4102 probabilissimis
1285 4027 1374 4083 causis

235 4123 432 4179 domonstravit
449 4122 572 4179 Rohdius
590 4121 649 4193 (der
667 4122 767 4193 griech.
786 4121 889 4176 Roman
909 4136 935 4191 p.
949 4119 992 4186 93,
1011 4120 1042 4174 h.
1062 4119 1099 4189 3.)
