2812 4688
531 361 747 430 -47-

60 556 239 623 referenda
260 576 329 621 esse
358 554 401 621 ad
422 555 503 620 Livii
520 554 575 621 lV.
593 553 644 637 19,
660 552 695 618 5:
725 554 897 635 „exsangui
926 551 1075 618 detracta
1101 552 1207 637 spolia

58 668 228 748 caputque
255 659 416 726 abscisum
443 660 545 724 victor
572 659 696 744 spiculo
723 677 838 739 gerens
864 665 984 723 terrore
1012 657 1098 722 caesi
1121 659 1205 738 regis

58 764 173 831 hostes
196 762 305 829 fudit«.

169 849 278 916 Tertia
300 849 407 935 spolia
428 850 543 934 petivit
565 847 718 914 Claudius
746 870 766 914 a
789 845 995 930 Virdomaro,
1023 846 1104 913 duce
1128 845 1206 913 Gal·

57 954 180 1037 lorum,
204 951 245 1019 de
268 971 329 1037 quo
353 966 451 1038 poeta
473 950 529 1017 41:

274 1077 376 1139 genus
400 1056 451 1121 hic
474 1056 602 1121 Brenno
626 1055 771 1121 iactabat
795 1055 836 1120 ab
860 1056 940 1140 ipso,

194 1159 312 1227 nobilis
335 1162 450 1226 erectis
473 1158 607 1225 tundere
630 1179 729 1241 gaesa
752 1160 839 1224 rotis.

191 1264 240 1329 illi
262 1264 396 1346 virgatis
419 1262 592 1329 iaculantis
616 1262 658 1329 ab
682 1263 810 1344 agmine
835 1262 959 1327 braccis

190 1370 312 1452 torquis
335 1368 377 1433 ab
401 1369 504 1433 incisa
526 1365 647 1432 decidit
670 1386 755 1431 unca
777 1365 863 1447 gula.

54 1471 95 1539 Iu
114 1471 234 1539 habitu
249 1471 342 1537 huius
358 1469 446 1537 Galli
462 1469 673 1537 describendo
689 1469 815 1536 videtur
825 1469 1010 1555 Propertius
1027 1470 1205 1555 respexisse

53 1576 102 1644 ad
127 1575 267 1659 Vergilii
283 1573 370 1642 Vlll.
386 1570 464 1641 660:
477 1574 499 1659 ¹)

193 1680 328 1761 virgatis
351 1679 460 1745 lucent
482 1678 614 1761 sagulis
637 1684 705 1742 turn
727 1677 836 1742 lactea
863 1677 948 1743 colla

191 1801 269 1848 auro
293 1783 508 1864 innectuntur,
532 1782 594 1847 duo
617 1783 748 1865 quisque
772 1780 895 1866 Alpina
920 1788 1092 1847 coruscant

192 1906 292 1969 gaesa
314 1906 422 1966 mauu,
446 1887 544 1951 scutis
567 1888 703 1971 protecti
727 1886 863 1970 corpora
889 1884 1002 1967 longis

168 1989 206 2056 ln
230 1989 433 2056 conclusione
456 1990 606 2054 carminis
622 1988 807 2075 Propertius
829 1989 968 2073 loquitur
990 1986 1030 2053 de
1054 1990 1083 2053 vi
1107 1997 1205 2072 atque

51 2084 228 2163 sententia
256 2095 454 2175 cognominis
478 2091 658 2174 ,‚Ferctrii“,
693 2092 734 2158 de
768 2111 829 2177 quo
853 2092 940 2178 apud
968 2100 1091 2159 veteres
1120 2112 1205 2156 com·

50 2199 174 2287 plures
196 2197 363 2281 opiniones
378 2198 539 2263 exstitisse
561 2216 626 2261 non
649 2199 785 2279 ignorat.
831 2195 998 2262 Uberrime
1022 2195 1062 2262 de
1086 2195 1147 2261 hac
1170 2217 1204 2261 re

53 2303 133 2384 agit
161 2299 353 2366 Plutarchus
380 2300 508 2366 Romuli
530 2322 559 2365 u.
584 2297 629 2381 16,
646 2299 681 2364 5:
716 2299 750 2365 τό
781 2295 818 2364 δὲ
851 2297 1009 2384 τρόπαιον
1044 2296 1207 2386 αὐοὶθημα

58 2403 248 2488 Φερετρίου
263 2402 344 2477 Διὸς
360 2400 598 2488 ἐπωνομάσθη.
637 2403 684 2469 To
707 2401 766 2488 γὰρ
788 2403 914 2490 πλῆξαι
931 2410 1045 2488 φερῖρε
1057 2403 1208 2487 Ῥωμαῖοι

53 2506 223 2574 καλοῦσιν
245 2515 277 2573 et
293 2506 439 2572 Marcelli
455 2529 482 2572 v.
500 2504 534 2571 8:
558 2506 703 2571 καλεῖται
726 2506 778 2572 δ’ὁ
792 2502 855 2588 μὲν
870 2506 956 2582 θεὸς
978 2494 1005 2594 ᾧ
1027 2509 1206 2590 πέμπεται,

58 2611 244 2695 Φερέτριος
266 2607 362 2692 Ζεύς,
385 2608 429 2685 οἷς
450 2605 512 2692 μὲν
530 2607 613 2674 ἔνιοί
628 2626 739 2693 φασιν,
763 2606 832 2674 dno
853 2611 911 2674 τοῦ
927 2613 1207 2695 φερετρευομένου

53 2713 234 2801 τροπαίου,
256 2711 336 2779 κατὰ
358 2712 418 2800 τήν
438 2712 610 2797 Ἑλληνίδα
632 2712 790 2795 γλῶσσαν,
815 2710 861 2776 ἔτι
882 2712 1012 2799 πολλὴν
1034 2713 1106 2780 τότε
1129 2733 1207 2797 συμ-

172 2885 193 2952 ¹)
211 2883 263 2939 Hic
286 2883 342 2939 illic
361 2883 528 2953 l'orgilianas
551 2883 718 2938 elocutiones
744 2884 770 2936 in
793 2882 846 2937 hoc
869 2883 987 2937 camnine
1011 2900 1122 2953 sparsas
1140 2899 1207 2949 esse,

56 2971 134 3027 locis
154 2969 269 3040 siugulis
289 2970 396 3025 collatis
414 2973 544 3040 apparat:

205 3055 282 3126 Verg.
294 3056 339 3110 Xl.
352 3057 416 3111 691:
436 3057 483 3111 sed
496 3056 583 3110 Buten
603 3071 726 3110 aversum
744 3056 860 3126 cuspide
872 3056 932 3110 fixit

297 3142 377 3214 Prop.
390 3143 420 3196 8:
439 3143 526 3197 uictor
544 3143 571 3196 in
590 3159 712 3196 euersum
729 3143 843 3213 cuspide
861 3142 952 3197 lundis
971 3159 1077 3213 equum.

180 3264 257 3334 Verg.
272 3265 340 3324 Vlll.
354 3267 418 3323 261:
438 3268 465 3320 ct
484 3266 585 3320 siccum
604 3265 735 3334 sanguine
754 3268 855 3335 guttur.

314 3351 358 3408 lll.
371 3353 418 3409 63:
438 3355 465 3406 et
484 3353 573 3406 siccae
591 3352 723 3420 sauguine
742 3352 843 3406 lauces.

280 3437 419 3507 Prop.12:
439 3439 485 3491 sod
505 3455 557 3491 uon
575 3442 708 3507 >aureuma
727 3439 801 3492 sicca
819 3454 876 3492 suo.

136 3557 216 3626 Vcrg.
229 3557 273 3611 Xl.
287 3558 351 3612 605:
664 3559 812 3630 hastasque
830 3559 949 3613 reductis

377 3644 543 3714 protendunt
563 3645 641 3715 longe
660 3646 762 3700 ‹lextris
781 3650 809 3700 ot
827 3645 934 3715 spicula
952 3645 1067 3700 vibrant.

214 3729 294 3800 Prop.
308 3733 355 3787 13:
374 3730 446 3784 hunc
464 3731 538 3785 ridet
556 3735 619 3785 aute
638 3748 720 3786 cavas
739 3731 881 3787 librantem
900 3731 1005 3802 spicula
1023 3735 1120 3786 turres.

156 3852 352 3922 Verg.Vl.17:
372 3853 583 3925 Clrulcidicaque
602 3853 668 3909 lovis
686 3856 793 3909 tandem
812 3871 894 3925 super
912 3852 1021 3909 adstitit
1038 3870 1100 3908 arce

215 3938 294 4009 Prop.
307 3941 355 3994 31:
374 3941 445 3995 forto
463 3957 545 4010 super
564 3943 659 4010 portae
677 3941 732 3994 dux
750 3941 831 3995 Veius
850 3942 959 3996 adstitit
977 3957 1072 3995 arcem.

130 4061 210 4132 Verg.
223 4062 282 4120 Xll.
294 4064 359 4119 771:
379 4081 447 4134 puro
467 4066 498 4117 ut
516 4066 630 4133 possent
648 4077 806 4116 concurrere
824 4079 921 4132 campo

213 4148 292 4220 Prop.
307 4151 354 4206 35:
374 4150 437 4204 lorti
457 4148 552 4204 urelius
571 4163 729 4203 concurrere
747 4165 852 4219 campo.
