2812 4688
597 305 814 373 ..55-

131 498 353 585 descriptione
368 498 555 580 longissime
572 498 695 565 abesse.
733 495 818 564 Nam
832 497 1028 584 Compitalia
1051 501 1177 583 magnis
1193 499 1278 567 ludis

132 601 337 668 sollemniter
357 621 427 667 esse
450 601 615 666 celebrata
636 600 751 667 Festus
761 599 785 685 ¹)
808 607 840 667 et
862 600 1045 670 Macrobius
1053 602 1079 687 ²)
1101 602 1242 670 tradunt.
1251 601 1278 687 ³)

131 704 301 772 Postremo
325 706 393 788 agit
415 703 455 770 de
477 704 725 791 Lupercalibus:

312 810 447 876 verbera
469 808 600 895 pellitus
624 815 753 876 saetosa
775 808 926 875 mouebat
949 818 1068 894 arator,
1180 876 1184 885 ,

312 911 399 978 unde
420 913 522 979 licens
544 912 667 979 Fabius
689 933 783 980 sacra
805 913 955 1000 lupercus
978 914 1085 982 habet.

133 1037 232 1102 quem
251 1017 338 1084 diem
364 1018 481 1084 festum
503 1018 545 1083 ab
567 1016 731 1101 Euandro,
755 1024 790 1084 ut
812 1017 925 1085 fabula
950 1022 1050 1086 veteri
1077 1019 1277 1102 tradebatur,

133 1122 320 1207 institutum
328 1121 356 1204 ⁴)
385 1142 443 1207 per
476 1124 586 1189 omnia
618 1124 685 1190 iere
707 1122 925 1190 Romanorum
948 1131 1096 1210 tempora
1129 1145 1279 1211 perman-

133 1226 215 1291 sisse
249 1244 360 1292 omnes
394 1224 549 1309 soiunt.⁵)
608 1225 643 1292 ln
679 1246 842 1295 sacrorum
880 1229 942 1294 ritu
973 1227 1168 1314 explicando
1204 1248 1278 1294 oum

134 1327 306 1415 Propertio
328 1330 375 1394 ita
390 1326 581 1396 Plutarchus
604 1332 773 1414 consentit,
795 1338 831 1396 ut
854 1331 953 1397 etiam
968 1330 1067 1396 verba
1081 1330 1180 1418 plane
1203 1349 1279 1396 con-

139 1434 262 1498 cinant.
313 1431 383 1497 Hoc
417 1439 524 1499 autem
558 1433 658 1500 tradit
680 1432 871 1501 Plutarchus
892 1433 984 1500 Rom.
1011 1431 1207 1518 vit.21,10:
1241 1432 1279 1498 τα

133 1536 279 1620 δέρματα
292 1535 356 1601 τῶν
372 1534 470 1618 αἰγῶν
484 1533 718 1619 κατατεμόντας
732 1537 927 1602 διαθέουσιν
950 1534 986 1602 ἐν
1008 1533 1154 1622 περιζώ
1163 1552 1280 1619 σμασι

133 1637 327 1726 (pellitus)
349 1637 463 1722 γυμνοὶ
477 1645 543 1715 ταῖς
566 1634 724 1705 σκύτεσι
746 1637 934 1722 (verbera)
957 1639 1013 1707 τὸν
1030 1638 1187 1724 ἐμποδών
1201 1641 1279 1705 παί-

132 1763 227 1818 οντες
248 1750 282 1809 et
304 1743 394 1810 Caes,
410 1745 465 1810 vit.
484 1741 539 1810 61:
562 1743 626 1808 τῶν
641 1740 815 1827 ‹i'ec'yeouin
836 1744 1016 1810 νεανίσκων
1034 1744 1090 1810 καὶ
1113 1741 1279 1830 α’ρχόντων

132 1845 257 1912 πολλοὶ
286 1847 480 1913 διαθέουσιν
503 1844 566 1913 dno
588 1845 649 1934 τήν
670 1845 772 1915 πόλιν
799 1845 914 1932 γυμνοὶ
941 1844 1100 1916 σκύτεσι
1125 1848 1280 1922 λασίοις

132 1949 306 2035 (saetosa
338 1952 515 2036 verbera)
549 1948 626 2025 τούς
654 1949 810 2034 ἐμποδών
845 1948 903 2017 ἐπὶ
929 1952 1050 2040 παιδιᾷ
1082 1949 1137 2017 καὶ
1168 1951 1280 2035 γέλωτι

131 2051 334 2140 nembrod)
384 2084 391 2099 1

240 2159 291 2225 Ex
314 2159 374 2225 hoc
397 2161 467 2245 ipso
490 2159 561 2225 loco
582 2159 698 2243 elucet,
721 2159 929 2226 Plutarchum
953 2159 1059 2226 Jubae
1080 2160 1199 2227 librum
1222 2181 1277 2226 ex-

135 2265 304 2350 pressisse,
338 2265 457 2350 quippe
480 2281 542 2348 quo
564 2261 720 2331 Varronis
753 2264 852 2331 verba
885 2265 919 2330 in
953 2284 1105 2347 graecam
1131 2263 1278 2347 linguam

133 2385 292 2433 conversa
314 2373 430 2434 essent.

242 2539 262 2607 ¹)
281 2537 379 2593 Festus
392 2553 419 2607 p.
432 2538 479 2594 46:
504 2536 579 2592 Pilae
598 2536 701 2607 effigies
719 2537 809 2592 viriles
827 2539 855 2591 et
873 2537 1017 2592 muliebres
1035 2553 1069 2592 ex
1087 2537 1152 2593 lana
1170 2536 1277 2607 Compi-

134 2625 241 2680 talibus
262 2625 291 2679 in
314 2624 446 2695 competis
469 2624 672 2694 suspenduntur
696 2623 769 2693 quod
786 2623 860 2678 huno
878 2622 949 2678 diem
971 2623 1071 2679 festum
1090 2640 1149 2679 esse
1167 2624 1278 2679 deorum

136 2711 284 2766 inferorum
308 2715 421 2782 putant,
444 2726 536 2765 eorum
559 2725 628 2781 qnos
651 2712 751 2765 vocant
768 2709 865 2776 Lares,
885 2710 983 2781 quibus
1007 2713 1051 2766 tot
1073 2710 1147 2781 pilae
1166 2726 1278 2781 suspen·

135 2799 249 2859 rluntur.
267 2798 341 2869 qnod
359 2798 452 2869 capita
464 2800 529 2852 sunt
547 2813 692 2865 servorum,
710 2799 753 2852 tot
771 2797 874 2869 effigies
893 2799 960 2869 quot
978 2800 1043 2852 sunt
1060 2797 1137 2853 liberi
1156 2797 1277 2851 homines

136 2886 166 2939 in
185 2884 288 2939 familia
306 2884 483 2952 collocantur,
502 2886 533 2939 ut
551 2884 620 2938 vivis
638 2886 764 2954 pareant,
782 2884 846 2954 pilis
864 2887 892 2939 et
910 2884 1062 2940 simulacris
1080 2884 1208 2939 contenti.

241 2973 263 3041 ²)
282 2972 435 3027 Macrobius
454 2972 510 3027 Sat.
523 2971 543 3026 Ι.
557 2973 587 3029 7:
610 2971 713 3026 iactum
736 2973 791 3038 est,
818 2974 850 3027 nt
873 2971 976 3041 effigies
994 2969 1101 3026 Maniae
1128 2986 1279 3040 suspensae

137 3075 189 3128 pro
210 3058 378 3129 singulorum
396 3058 500 3114 ioribus
519 3058 670 3130 pericnlum
688 3059 711 3113 si
731 3058 805 3130 quod
823 3059 980 3125 immineret,
999 3057 1109 3113 familiis
1128 3057 1278 3129 expiarent,

138 3144 273 3215 ludosque
296 3147 371 3217 ipsos
390 3161 424 3200 ex
446 3147 497 3201 viis
516 3146 708 3217 compitorum,
730 3146 759 3199 in
782 3146 881 3217 quibus
904 3143 1092 3216 agitabantur,
1115 3142 1279 3215 Compitalia

138 3231 375 3302 appellitaverunt.

243 3321 267 3390 ³)
285 3320 320 3373 cs.
338 3318 446 3385 Preller‚
465 3320 559 3377 Roem.
578 3318 691 3392 Mythol.
710 3320 762 3387 8ΙΙ,
781 3338 807 3392 p.
826 3322 885 3378 112.

244 3408 268 3476 4)
287 3407 378 3461 Livius
388 3405 408 3460 Ι.
417 3406 442 3472 5,
452 3408 482 3463 2:
496 3406 536 3461 lbi
546 3407 597 3477 (sc.
613 3408 641 3462 in
649 3406 768 3476 Palatio)
778 3406 950 3462 Evandrum.
961 3446 967 3460 .
979 3405 1106 3461 sollemne
1116 3402 1230 3458 allatum
1241 3418 1275 3457 ex

140 3493 260 3548 Arcadia
282 3493 435 3548 instituisse
458 3496 506 3564 (sc.
526 3494 629 3564 ierunt)
656 3497 687 3549 ut
714 3494 778 3548 nudi
806 3495 916 3549 invenes
943 3492 1079 3565 Lycaeum
1097 3490 1173 3545 Pana
1199 3506 1278 3545 vene·

140 3583 233 3635 rantes
251 3596 299 3652 per
316 3580 406 3636 lusum
422 3584 505 3652 atque
517 3580 657 3636 lasciviam
670 3584 816 3647 currerent,
835 3596 915 3652 quem
927 3579 1043 3634 Romani
1056 3577 1153 3633 deinde
1165 3593 1279 3632 rocave-

141 3669 206 3721 runt
223 3667 326 3725 Inuum.

245 3754 267 3823 ⁵)
286 3755 320 3812 ci,
339 3755 519 3810 Mommsenus
542 3755 606 3812 hist.
629 3770 694 3809 rom.
712 3754 750 3821 1⁶,
762 3772 789 3826 p.
801 3756 849 3812 44:
877 3753 928 3808 liin
947 3753 1066 3807 Bauem·
1094 3752 1148 3807 und
1171 3750 1280 3807 Hirten-

142 3842 204 3907 fest,
225 3840 274 3894 das
294 3840 343 3894 wie
361 3840 425 3895 lrein
437 3841 550 3896 anderes
565 3841 608 3896 (lie
626 3840 778 3896 schlichten
791 3841 892 3913 Spasse
909 3837 1165 3912 patriarchalischer
1177 3838 1281 3893 Einialt

142 3927 264 3983 bewahrt
281 3926 336 3980 und
355 3927 536 3998 merkwiirdig
554 3943 643 3998 genug
661 3929 740 3982 unter
762 3927 832 3982 allen
849 3925 1025 3981 heidnischen
1044 3924 1142 3979 Festen
1160 3924 1219 3978 sich
1238 3942 1280 3978 arn

143 4015 270 4084 lingsten
288 4006 324 4068 im
342 4013 517 4069 christlichen
535 4013 604 4069 Rom
621 4012 771 4085 behauptet
788 4013 844 4068 hat.

246 4102 269 4171 ⁶)
289 4101 323 4155 cf.
342 4099 412 4158 Plut.
433 4100 544 4169 Quaest.
562 4100 639 4158 Rorn.
658 4115 681 4154 c.
694 4101 737 4156 68.
