2812 4688
520 344 732 414 -33..

51 539 119 606 hoc
143 559 184 604 eu
206 557 267 623 quo
287 537 510 624 desumpserit,
533 559 686 622 quaerere
702 557 782 625 opus
798 558 867 604 esse
883 557 947 604 non
962 536 1101 620 videtum
1119 560 1193 606 nam

9 698 13 703 .
52 648 171 710 omncs
195 648 340 709 auctores
363 643 396 706 in
419 641 479 707 hac
499 663 533 707 rc
550 643 633 708 inter
649 663 682 708 se
698 644 892 729 conspirant.
927 641 1195 710 Luculentissimc

52 745 141 813 illud
158 744 326 832 praedicat
341 744 465 828 Festus,
486 747 575 811 cuius
591 748 806 813 testimonium
824 744 1195 832 pcherriumFlaccum

55 851 102 918 ad
119 849 300 917 Varronem
315 848 418 915 redire
442 851 507 916 ianr
530 853 647 917 scimus
670 855 758 937 (pag.
773 848 836 917 237
853 850 902 918 ed.
920 851 1064 936 Miller):
1089 851 1196 933 „Pari-

53 955 145 1021 libus
168 954 279 1020 urbem
302 953 447 1019 condidit
469 954 623 1020 Romulus
651 975 746 1039 quem
773 955 858 1021 diem
881 956 997 1022 festum
1021 959 1195 1043 praecipue
1291 991 1294 995 ·

54 1059 228 1125 habebant
249 1059 416 1124 iuniores“
451 1057 502 1123 Ex
519 1057 662 1124 Varrone
679 1059 784 1125 hausit
800 1063 899 1125 etiam
915 1059 1025 1126 Cicero
1043 1059 1082 1126 de
1099 1059 1195 1126 divin.

55 1161 100 1246 ΙΙ,
126 1158 182 1229 98:
229 1161 362 1244 „Lucius
390 1161 520 1245 quidem
542 1161 689 1229 Tarutius
712 1162 883 1230 Firmanus
910 1166 943 1229 in
967 1166 1078 1250 primis
1101 1162 1196 1231 Chal·

56 1264 164 1332 daicis
188 1266 365 1332 rationibus
388 1264 540 1348 eruditus,
563 1267 650 1332 urbis
673 1268 772 1333 etiam
795 1274 922 1333 nostrae
946 1269 1090 1334 natalem
1111 1268 1196 1336 diem

56 1370 229 1457 repetebat
257 1370 299 1436 ab
326 1371 365 1435 iis
392 1368 553 1436 Parilibus
581 1371 695 1454 quibus
724 1392 796 1437 eam
824 1371 1001 1438 aRomulo
1032 1372 1196 1440 conditam

57 1476 274 1562 accepimus“.
320 1471 429 1558 Neque
451 1493 525 1540 vero
550 1474 784 1557 neglegendum
813 1483 870 1557 est,
894 1475 979 1560 quod
1005 1475 1196 1543 Plutarchus

56 1579 193 1646 exhibet
215 1580 248 1644 in
271 1579 338 1644 vita
360 1578 488 1644 Romuli
510 1575 583 1661 XII,
606 1577 640 1644 5:
687 1575 819 1661 ὅτιμὲν
842 1561 901 1646 οὖν
922 1579 947 1667 ἡ
967 1579 1068 1656 κτίσις
1088 1581 1197 1667 ἡμέρᾳ

55 1684 184 1767 γένοιτο
199 1683 239 1768 τῇ
254 1679 319 1766 πρό
338 1679 454 1746 ἕνδεκα
468 1682 639 1747 καλανδαίν
650 1681 768 1747 Μαίων
784 1683 1000 1767 δμολογεϊται·
1016 1684 1071 1749 καὶ
1085 1683 1144 1772 τήν
1159 1684 1198 1772 ἤ-

55 1787 165 1872 μέραν
197 1781 314 1873 ταύτην
349 1783 537 1870 ἑορτάζουσι
556 1785 717 1867 Ῥωμαῖοι,
749 1788 921 1869 γενέθλιον
953 1789 1011 1875 τῆς
1043 1789 1198 1874 πατρίδος

57 1887 281 1974 ὀνομάζοντες
296 1939 403 1958 .....
420 1888 461 1956 οδ
479 1889 546 1977 μήν
562 1888 646 1956 α’λλοὶ
667 1890 722 1954 καὶ
737 1890 803 1977 πρδ
823 1893 881 1979 τῆς
894 1893 1028 1968 κτίσεως
1041 1890 1198 1981 βοτηρική

53 2020 105 2072 τις
137 1979 182 2084 ἦν
216 1994 323 2070 αὐτοῖς
357 1995 451 2083 ἑορτή
485 1993 564 2061 κατὰ
595 1992 713 2084 ταύτην
735 1994 795 2084 τήν
822 1996 948 2083 ἡμέραν
974 1996 1029 2063 καὶ
1055 1997 1199 2082 Παρίλια

53 2097 302 2188 προςηγόρενον
326 2097 437 2189 αὐτήν.

163 2203 212 2271 Ι)ο
235 2204 306 2271 loco
329 2225 462 2291 quoque,
485 2207 518 2272 in
542 2225 603 2291 quo
626 2205 739 2272 Sabini
762 2212 869 2272 castra
892 2213 1075 2292 posuerant,
1099 2215 1198 2294 poeta

55 2307 218 2376 nonnulla
238 2309 368 2396 profert,
392 2330 474 2395 quae
497 2312 604 2396 posita
627 2311 756 2377 suntin
780 2317 866 2377 certo
890 2309 996 2377 studio
1020 2319 1197 2378 auctorum.

54 2412 194 2481 Collatis
211 2415 297 2480 enim
313 2415 368 2497 eis,
385 2433 467 2499 quae
482 2413 674 2481 Plutarchus
690 2413 757 2497 (vit.
771 2414 897 2481 Romul.
911 2436 937 2479 c.
951 2413 1073 2500 XVIII)
1090 2416 1199 2500 habet,

55 2538 132 2584 cum
155 2516 314 2604 Propertii
337 2517 563 2604 descriptione,
593 2524 730 2605 apparet
757 2525 888 2605 poetam
916 2517 1054 2586 cundem
1081 2520 1199 2587 librum

55 2620 189 2704 adiisse,
213 2640 253 2688 ex
269 2640 330 2707 quo
347 2624 445 2688 etiam
469 2622 523 2689 ille
547 2624 683 2708 scriptor
705 2622 850 2689 hausisse
873 2621 1009 2691 videtur.
1056 2622 1198 2691 Graecus

55 2725 145 2793 enim
157 2727 294 2812 scriptor
304 2725 385 2792 hacc
397 2725 540 2793 exhibet:
554 2724 573 2792 ό
584 2723 643 2810 γὰρ
653 2725 775 2809 μεταξδ
786 2723 897 2810 τόπος,
912 2722 947 2791 ἐν
959 2712 984 2812 ᾧ
999 2728 1200 2810 συμπίπτειν

56 2826 213 2914 ἔμελλον,
229 2825 305 2896 δπδ
322 2830 477 2896 πολλῶν
492 2826 625 2914 λόφων
641 2828 927 2915 περιεχόμενος
941 2867 979 2875 -
994 2830 1199 2917 ci.Prcpertii

55 2934 159 3004 verba
181 2954 209 3001 v.
240 2931 281 3002 13
316 2955 468 3016 „murus
503 2942 613 3002 erant
645 2935 813 3001 montes“
838 2971 878 2979 —
902 2932 1008 3015 όγῶυα
1030 2931 1092 3017 μὲν
1118 2933 1200 3013 δξδν

57 3035 171 3106 ἐδόκει
206 3036 261 3103 καὶ
294 3036 443 3120 χαλεπόν
479 3037 545 3104 aad
582 3039 758 3122 δυςχιορίας
791 3036 990 3122 ἀμφοτέροις
1025 3041 1200 3122 παρέξειν,

57 3141 163 3227 φυγδς
179 3137 284 3207 δὲκαὶ
301 3137 431 3219 διόξεις
447 3140 482 3206 έν
493 3143 595 3228 στενρῖ
610 3142 773 3226 βραχείας.
792 3138 907 3222 Ἔτυχε
924 3137 960 3206 δὲ
976 3143 1033 3208 τοῦ
1049 3143 1200 3224 ποταμοῦ

55 3242 275 3329 λιμνάσαντος
303 3246 345 3312 ου’
372 3246 511 3320 πολλαίς
539 3244 700 3331 πρότερον
732 3245 871 3333 ἡμέραις
904 3242 1199 3329 ἐγκαταλελεῖφθαι

58 3350 161 3432 τέλμα
182 3347 273 3434 dadai
300 3349 355 3414 καὶ
382 3349 506 3434 τυφλόν
536 3348 571 3413 έν
598 3348 714 3424 τόποις
743 3347 918 3423 ἐπιπέδοις
945 3347 1024 3414 acad
1053 3346 1112 3436 τήν
1139 3348 1199 3412 νῦν

59 3435 164 3518 οὖσαν
187 3451 317 3539 α’γνροίν.
342 3490 380 3501 -
406 3455 444 3520 cf.
470 3454 631 3542 Propert:

63 3595 270 3604 ——m

97 3675 171 3735 Fast.
186 3675 229 3730 lV.
242 3676 306 3732 801:
326 3694 389 3732 num
408 3679 498 3732 tamen
517 3681 558 3732 est
577 3694 640 3733 rere
659 3677 781 3748 propius,
801 3693 862 3731 cum
880 3676 990 3731 condita
1008 3675 1094 3731 Roma
1112 3685 1161 3742 est,

322 3763 463 3819 transferri
481 3764 571 3819 iussos
590 3764 617 3818 in
636 3780 708 3818 nova
726 3767 800 3818 tecta
818 3763 900 3818 Lares

323 3855 513 3923 mutantesque
531 3850 640 3906 domum
659 3851 739 3905 tectis
758 3851 910 3922 agrestibus
928 3851 1017 3933 ignem

323 3941 350 3992 et
368 3942 524 3994 cessaturae
543 3938 723 4008 supposuisse
742 3952 836 4003 casae3

323 4041 371 4096 per
388 4026 510 4080 flammas
528 4025 644 4080 saluisse
662 4040 754 4094 pecus,
774 4023 889 4079 saluisse
908 4022 1040 4078 colonos?

322 4113 396 4184 quod
413 4112 444 4168 fit
462 4110 547 4166 natali
567 4126 637 4166 nunc
657 4126 772 4182 quoque,
792 4110 886 4177 Roma,
905 4113 961 4165 tuo.

1029 4212 1046 4271 3
