2812 4688
694 324 886 390 -6.,.

222 519 385 604 usurpari,
423 523 524 581 totam
564 515 700 598 donique
738 515 937 599 reipublicae
975 514 1222 600 amplitudinem
1267 521 1360 601 quasi

224 623 364 704 imagine
392 620 585 687 adumbrata
612 619 863 705 praemonstrari
890 616 1043 684 videmus.
1088 617 1126 682 ln
1154 620 1360 706 explicandis

223 733 331 792 autem
354 727 556 809 antiquorum
580 723 720 789 moribus
742 721 903 803 Vergilius
932 728 1025 788 tanta
1052 729 1121 787 arto
1150 731 1182 789 et
1209 723 1360 791 doctrina

222 850 297 896 usus
313 836 371 912 est,
394 835 430 894 ut
445 828 559 913 poetis,
575 828 629 910 qui
645 828 746 892 secuti
761 832 844 908 sunt,
861 844 925 891 non
942 826 1045 891 minus
1068 829 1237 893 materiam
1262 849 1360 913 quarn

225 934 376 1020 exempla
399 931 578 1019 praeberet.

324 1035 427 1115 Quid?
473 1032 586 1100 Nonne
618 1035 674 1112 Qu.
704 1034 853 1099 Horatius
890 1033 1036 1098 carmina
1075 1033 1117 1099 ad
1158 1034 1358 1103 laudandum

221 1144 449 1227 imperatorem
472 1140 601 1222 eiusque
629 1148 757 1221 gentem
791 1136 938 1218 contulit,
971 1156 1076 1202 nonne
1111 1139 1287 1222 contendit,
1321 1152 1359 1214 ,ut

221 1245 376 1332 populum
389 1244 430 1310 ad
442 1245 644 1327 antiquorum
657 1241 848 1307 modestiam
861 1239 1035 1307 educaret?
1058 1241 1186 1318 Quanta
1196 1246 1358 1310 suavitate

223 1369 261 1415 ao
284 1347 454 1413 dulcedine
477 1347 592 1412 Albius
614 1345 758 1411 Tibullus
784 1346 884 1410 vitam
912 1347 1102 1412 rusticorum
1130 1354 1162 1412 et
1191 1355 1356 1433 pastorum

220 1452 364 1518 versibus
387 1451 572 1532 celebravit,
597 1451 737 1515 maxime
752 1449 812 1514 illa
832 1449 937 1532 elegia
960 1448 1003 1515 ad
1026 1449 1234 1516 Messalinum
1258 1455 1358 1518 missa

220 1555 274 1638 (ll.
298 1554 343 1637 bl,
372 1575 436 1638 qua
464 1561 650 1620 nascentem
677 1561 710 1620 et
738 1561 934 1619 crescentem
967 1555 1079 1619 urbem
1112 1554 1249 1620 Romam
1284 1576 1357 1641 pro·

221 1666 348 1724 secutus
364 1659 534 1744 imperium
549 1659 694 1739 gentium
709 1657 884 1724 maioribus
896 1659 1158 1743 praenuntiatum
1175 1678 1243 1723 osse
1260 1659 1355 1724 lacit!

394 1779 509 1860 Roma,
531 1787 621 1845 tuum
645 1798 761 1843 nomeu
783 1780 877 1844 terris
899 1778 1000 1845 fatale
1022 1778 1179 1861 regendis

397 1904 461 1967 qua
483 1903 542 1949 sua
565 1881 605 1948 de
628 1883 720 1948 caelo
743 1884 899 1968 prospicit
921 1904 999 1948 arva
1021 1882 1125 1965 Ceres,

395 2008 520 2072 quaque
543 1994 657 2073 patent
679 1995 766 2053 ortus
789 1994 821 2052 et
844 2009 906 2071 qua
928 1986 1127 2054 fluitantibus
1150 1986 1243 2051 undis

396 2092 479 2158 Solis
502 2092 692 2157 anhelantes
716 2091 820 2157 abluit
843 2093 947 2158 amnis
970 2110 1074 2176 equos.

324 2213 435 2298 ltaque
469 2236 541 2279 oum
572 2212 655 2278 illud
687 2212 826 2278 studium
862 2215 1064 2297 antiquitatis
1091 2233 1269 2296 musaeu,
1296 2213 1353 2279 sod

221 2321 338 2384 aetatis
360 2319 484 2383 ratione
508 2325 540 2382 et
561 2317 726 2382 voluntate
753 2325 858 2382 ortum
886 2319 937 2399 sit,
972 2340 1068 2401 quam
1102 2337 1195 2384 nemo
1229 2318 1353 2404 poeta¹l

220 2421 351 2505 defugit,
375 2441 438 2488 nou
454 2424 570 2487 mirum
586 2428 644 2501 est,
668 2422 768 2487 otiam
783 2420 984 2506 Propertium
1002 2422 1085 2488 hanc
1102 2429 1247 2489 secutum
1270 2442 1353 2491 esso:

222 2546 324 2609 neque
347 2527 519 2610 quicquam
542 2525 631 2592 aliud
653 2525 705 2592 hic
728 2533 825 2613 poeta
848 2528 1016 2612 spectarit,
1040 2528 1101 2593 nisi
1124 2533 1159 2592 ut
1186 2544 1244 2612 pro
1271 2523 1354 2590 uirili

220 2636 311 2715 parte
334 2629 490 2716 populum
504 2632 620 2696 virtute
645 2652 683 2696 ac
706 2633 840 2717 pristino
864 2650 952 2695 more
975 2631 1133 2697 imbueret
1155 2631 1354 2713 gloriamque

219 2734 287 2798 eius
311 2740 452 2818 augeret,
475 2734 560 2818 quod
582 2736 652 2820 ipse
675 2737 876 2822 pronuntiat:

483 2841 598 2922 exiguo
622 2839 841 2925 quodcumque
864 2861 881 2904 e
905 2847 1035 2926 pectore
1058 2840 1117 2901 rivi

425 2941 562 3026 fluxerit,
585 2944 646 3009 hoc
662 2944 787 3039 patriae
811 2942 926 3008 serviet
948 2960 1042 3006 omne
1066 2937 1197 3017 meae.‘·‘)

321 3130 344 3198 ¹)
362 3127 464 3184 Omitto
489 3128 622 3193 Ovidium,
647 3145 726 3199 quem
754 3129 906 3198 Augustum
933 3126 1042 3180 summis
1070 3121 1195 3176 laudibus
1215 3123 1352 3183 extulisse.

217 3217 248 3267 nt
266 3214 290 3268 ei
314 3213 487 3281 blandiretur,
516 3231 563 3269 uro
591 3214 681 3268 dicere
708 3229 861 3283 possumus.
898 3213 997 3267 Tamen
1020 3209 1353 3277 cf.l'ast1.,5·27-532‚

216 3299 250 3356 ll.
269 3301 380 3366 59-66,
399 3301 442 3355 lV.
461 3302 512 3357 347
530 3304 580 3358 etc.

321 3387 344 3455 ²)
363 3386 468 3456 Repeto
488 3388 619 3442 hocloco
644 3387 775 3442 Krahneri
803 3387 851 3441 illa
877 3404 931 3441 non
957 3387 1046 3440 minus
1074 3387 1156 3440 acuta
1183 3401 1263 3455 quarn
1291 3401 1355 3438 rora

218 3470 300 3524 verba
318 3472 427 3539 (Philol.
446 3477 510 3527 tom.
529 3474 563 3528 27
582 3491 608 3544 p.
627 3475 686 3543 orl:
714 3473 847 3544 „Propera
867 3474 988 3528 uerdient
1006 3474 1042 3527 im
1059 3472 1174 3527 vollsten
1197 3471 1284 3524 blaeso
1303 3469 1353 3523 don

217 3555 319 3610 Nameu
338 3559 411 3612 eines
435 3560 632 3629 patriotischen
656 3560 792 3616 Dichters.
828 3561 907 3616 Scine
925 3560 1121 3631 patriotischeu
1139 3557 1265 3627 Elegieen
1293 3556 1353 3609 siml

217 3642 305 3696 sicher
339 3643 413 3697 nicht
446 3647 489 3699 die
516 3645 714 3702 schlechtcsteu
736 3647 834 3702 Bliltou
863 3665 897 3702 au
930 3648 990 3703 dem
1017 3646 1226 3701 lobensfrisclren
1254 3644 1354 3697 Bannro

217 3728 303 3782 seiuer
321 3728 423 3785 Poesie.
460 3732 541 3784 Weun
563 3750 623 3787 man
643 3734 701 3788 sich
719 3735 800 3788 mtide
818 3735 924 3804 gelesen
943 3752 979 3788 an
1002 3734 1053 3788 (len
1078 3733 1229 3787 erotischen
1250 3731 1353 3784 'Pindo-

213 3815 293 3881 ‚leien‚
312 3814 384 3868 weilt
401 3832 462 3868 man
483 3832 546 3885 gem
566 3820 607 3873 boi
627 3821 718 3875 diesen
744 3824 859 3887 ermton,
884 3822 935 3876 tief
956 3821 1152 3890 empl'undenen
1177 3819 1231 3872 und
1257 3818 1354 3871 durch-

218 3902 332 3955 dachteu
352 3901 559 3972 Darstellungeu
584 3907 733 3962 rb'mischer
753 3909 861 3963 Grb'sse.
898 3907 953 3963 Der
979 3908 1091 3962 Dichter
1117 3908 1166 3961 hat
1193 3905 1279 3960 selbst
1306 3905 1355 3958 das

217 3989 369 4054 Bediirinis‚
397 3989 454 4043 sich
479 3989 504 4042 in
524 3990 567 4043 (lio
585 3990 771 4064 Batrachtung
790 3995 877 4049 dieser
896 3996 996 4050 Grbsse
1015 4013 1047 4050 zu
1067 3995 1216 4049 rerseulron
1236 3993 1290 4046 und
1311 3993 1354 4044 die

219 4075 360 4131 Gestalten
374 4075 421 4131 der
433 4076 503 4147 Sage
515 4076 569 4130 und
589 4077 635 4133 der
649 4078 813 4136 Geschichte
831 4083 858 4136 in
878 4083 1006 4154 episohen
1019 4081 1129 4137 Bildern
1148 4080 1353 4136 darzustellen.u
