2812 4688
677 299 891 368 ..10..

696 594 797 710 Cap.
827 593 874 684 ll.

218 803 310 889 Quae
333 805 424 869 ratic
448 803 642 870 intercedat
664 806 758 870 inter
780 806 1005 887 Propertium
1032 807 1068 870 ct
1090 805 1353 871 Callimachum.

319 992 437 1060 Omnes
465 1002 587 1081 pectas,
622 997 674 1077 qui
709 1002 816 1060 aetate
851 995 984 1075 litigasti
1021 993 1194 1076 floruerint,
1231 997 1263 1059 in
1306 994 1354 1059 di-

217 1099 388 1183 seiplinam
405 1120 477 1163 eum
494 1099 695 1182 reliquarum,
714 1101 766 1182 qni
783 1099 931 1163 <licuntur
947 1098 1169 1180 Alexandrini,
1186 1106 1353 1185 puetarum

217 1223 251 1266 sc
274 1201 455 1284 tradidisse,
478 1211 546 1268 tum
569 1205 709 1268 inanime
733 1203 935 1283 Callimachi,
959 1223 1052 1286 qurum
1079 1202 1354 1284 elegantissimum

218 1305 363 1371 habiturn
388 1328 456 1372 esse
480 1308 547 1372 neti
571 1306 619 1371 illi
643 1306 745 1372 Ovidii
770 1327 879 1371 uersus
902 1305 1099 1387 significant:

282 1443 537 1527 n111.1.15‚13:
561 1444 728 1510 Battiades
751 1453 818 1510 tete
842 1466 969 1530 semper
992 1446 1177 1510 cantabitur
1200 1446 1286 1526 orbe,

562 1551 707 1632 quamvis
729 1551 858 1632 ingenie
881 1568 945 1613 ncn
968 1550 1068 1631 vaiet,
1094 1557 1162 1615 arte
1184 1549 1280 1628 valet,

218 1688 301 1752 iuter
335 1707 444 1752 carmes
479 1696 614 1754 cunstat.
664 1687 766 1753 Huius
789 1690 875 1753 enirn
911 1708 975 1752 n0n
1003 1687 1098 1753 innodo
1133 1690 1291 1754 rationem
1323 1696 1354 1753 et

218 1811 396 1855 sermenem
440 1793 559 1856 imitari
609 1791 770 1873 sciebant,
825 1792 881 1856 sed
932 1793 1032 1857 ctiam
1077 1799 1269 1874 argumenta
1315 1813 1353 1858 ac

218 1895 360 1976 singulus
393 1915 503 1960 uersus
533 1895 775 1962 transtulerunt.
831 1894 922 1973 Quod
956 1897 988 1960 in
1018 1895 1194 1976 Vergilium
1225 1894 1352 1976 cadere,

219 1997 341 2062 Gellius
371 1999 552 2064 testimonio
581 1999 750 2065 coinfirmat
776 1998 833 2064 IX.
862 1996 928 2081 9,3:
970 2000 1071 2080 „Scite
1099 1990 1193 2081 igitur
1221 2005 1253 2062 et
1276 2017 1351 2061 cun-

218 2100 356 2167 siderate
381 2102 541 2184 Vergilius
570 2111 625 2167 aut
651 2102 781 2168 Homeri
817 2111 873 2169 aut
900 2104 1063 2189 Apollonii
1097 2108 1154 2167 aut
1185 2100 1351 2167 Parthenii

219 2213 275 2270 aut
297 2206 528 2271 Callimachi
553 2213 608 2271 aut
623 2205 781 2272 Theocriti
805 2215 861 2272 aut
883 2207 1085 2291 quorundam
1108 2206 1243 2272 aliorum
1265 2206 1353 2271 luces

217 2331 290 2374 cnm
327 2309 494 2391 effingeret
538 2319 664 2397 partem
710 2311 838 2394 reliquit
883 2318 1009 2396 partem
1054 2312 1238 2397 expressit.“
1305 2309 1354 2374 Dc

217 2413 383 2498 Propertio
411 2422 519 2480 autem
550 2415 639 2479 nullu
671 2415 817 2497 graviore
851 2422 933 2480 teste
975 2417 1019 2479 uti
1055 2433 1223 2500 possumus
1258 2434 1355 2497 <piram

218 2525 314 2604 poeta
347 2520 434 2604 ipsc,
462 2520 580 2606 quippe
608 2520 660 2602 qui
688 2527 799 2604 aperte
824 2538 862 2583 ac
885 2518 987 2583 libere
1011 2516 1209 2604 profiteatur,
1233 2539 1267 2583 se
1291 2536 1355 2582 nun

217 2621 320 2686 suhun
343 2621 386 2687 ad
408 2621 652 2706 Callimachum,
689 2624 741 2688 uin
775 2621 844 2687 fieri
879 2624 1028 2707 potuerit,
1062 2643 1095 2688 se
1126 2623 1354 2709 applicavisse,

218 2727 274 2792 scd
297 2728 396 2792 etiam
419 2726 499 2791 nihil
520 2730 623 2808 magis
646 2729 852 2814 appetivisse,
881 2745 979 2808 quam
1007 2735 1043 2792 ut
1069 2726 1233 2791 Romanus
1256 2726 1355 2790 Calli-

217 2831 350 2897 machus
375 2833 606 2898 nominaretur:

272 2969 309 3035 V.
335 2968 422 3053 1‚63:
447 2977 482 3036 ut
504 2972 620 3037 nostris
645 2970 820 3035 tumefacta
843 2970 1008 3055 superbiat
1031 2965 1164 3031 Uirrbria
1187 2964 1287 3045 libris,

444 3073 579 3139 Umbria
600 3074 738 3139 Romani
763 3075 870 3159 patria
893 3071 1093 3138 Callimachi.

261 3214 313 3280 lv.
340 3213 369 3296 1,
383 3211 416 3278 1:
446 3213 637 3279 Callimachi
660 3233 771 3278 manes
794 3220 827 3278 et
849 3212 905 3276 Coi
928 3231 1021 3276 sacra
1044 3208 1200 3290 Philetae,

445 3319 479 3382 in
501 3323 651 3398 vestrum,
676 3334 806 3398 quaese,
830 3337 880 3381 me
903 3315 998 3379 sinite
1021 3315 1066 3379 ire
1092 3333 1212 3378 nemus.

272 3458 309 3524 V.
333 3455 410 3540 6,3:
445 3459 513 3521 alra
535 3456 708 3520 Philetaeis
732 3462 831 3521 certet
852 3455 1001 3519 Romana
1024 3451 1184 3537 corymbis

446 3572 478 3626 ct
501 3560 683 3644 Cyrenaeas
706 3580 788 3624 urna
810 3559 969 3624 ministret
992 3558 1103 3641 aequas.

261 3699 313 3763 lv.
332 3698 423 3780 ihlss:
449 3702 531 3764 inter
554 3697 746 3764 Callimachi
769 3705 820 3762 sat
842 3697 906 3762 erit
928 3696 1089 3782 placuisse
1112 3693 1249 3773 libellos,

446 3810 478 3867 et
501 3805 656 3868 cecinisse
680 3799 793 3882 modis,
817 3799 881 3865 Cce
906 3807 1013 3887 poeta,
1038 3803 1109 3866 tuis.
1157 3806 1217 3864 etc.

218 3941 338 4007 Tamen
367 3964 448 4025 quae
478 3944 559 4007 ratic
591 3940 771 4006 intercedat
805 3942 889 4006 inter
921 3941 978 4007 hos
1012 3948 1126 4028 poetas
1161 3935 1355 4011 ‹lisicillima

219 4057 267 4111 est
279 4049 423 4130 quaestio
440 4049 472 4110 in
488 4034 769 4215 summssarffria
786 4063 896 4111 eorum
910 4047 1052 4132 ipsorum
1065 4044 1256 4124 carminum,
1273 4060 1354 4123 qnae
