2812 4688
555 335 769 403 -20,

197 529 245 594 Ι)ο
269 526 383 595 eodem
405 527 567 612 Lycmouo
590 527 716 593 videtur
744 549 838 610 agero
861 528 1046 614 Propertius
1070 530 1107 596 V.
1127 529 1156 611 1,
1173 528 1233 596 29:

95 636 222 722 „prima
248 632 401 714 galeritus
429 633 534 716 posuit
561 635 725 717 praetoria
752 633 925 718 Lyomon“‚
954 637 1105 717 quoniam
1134 645 1233 721 ponta

94 760 168 804 eum
190 758 295 803 rerum
317 742 480 818 gestarum
502 734 648 802 ordinem
671 743 798 801 seoutus
823 744 898 802 ante
914 737 1040 803 Tatium
1063 738 1187 805 laurlat.

198 841 293 906 Illam
316 847 457 906 statuam
480 838 533 903 dei
557 846 632 904 auto
656 838 780 905 Numae
804 862 937 922 reguum
960 841 1102 906 norulum
1132 846 1230 908 exsti-

95 950 181 1024 tissa,
205 944 389 1030 Propertius
405 942 616 1008 Vertumnum
640 945 746 1029 ipsum
768 952 955 1010 narrantem
978 947 1074 1012 latit:

179 1047 235 1114 59:
260 1049 359 1133 stipes
384 1067 519 1112 aceruus
543 1067 641 1130 araur,
665 1051 853 1133 properanti
876 1048 960 1114 falce
983 1050 1122 1132 dolatus,

260 1159 335 1218 aute
359 1147 498 1216 Numam
520 1157 615 1233 grata
637 1172 761 1236 pauper
783 1154 817 1217 in
840 1153 918 1217 urbe
942 1153 1030 1220 deus.

93 1258 260 1323 Consentit
293 1262 391 1341 poeta
428 1275 500 1318 cum
533 1253 673 1336 Tibullo,
708 1277 802 1338 quem
833 1258 866 1320 in
895 1257 1005 1322 eodem
1045 1257 1162 1323 iurlieio
1192 1259 1232 1323 de

93 1369 198 1426 uetere
223 1359 355 1424 deornm
378 1358 464 1424 onltu
487 1365 649 1424 uersatum
672 1379 740 1424 esso
764 1359 869 1426 elucet
892 1382 932 1426 ox
955 1361 979 1426 1.
998 1361 1048 1442 ro,
1067 1359 1120 1427 17:

213 1485 274 1529 nou
297 1461 419 1548 purleat
441 1464 547 1547 priseo
571 1481 626 1528 ros
649 1483 718 1529 esso
742 1484 759 1527 e
783 1466 891 1550 stipite
915 1467 1032 1531 bretos:

213 1570 258 1633 sie
281 1567 397 1632 ueteris
420 1564 512 1631 sedes
537 1567 714 1632 incoluistis
739 1569 800 1632 ari.

210 1682 279 1737 turn
302 1671 415 1736 melius
438 1676 568 1735 tenuere
591 1669 697 1752 tillem,
722 1692 795 1736 eum
818 1693 960 1759 paupere
984 1675 1070 1740 eultu

212 1775 322 1842 stabat
343 1776 376 1838 in
400 1775 518 1856 exigua
540 1774 665 1856 ligneus
689 1774 768 1840 aede
792 1774 870 1842 deus
882 1776 914 1861 ¹).

202 1879 306 1944 Aliter
319 1877 506 1942 devotorum
519 1878 613 1944 rebus
625 1877 741 1944 (livinis
753 1879 1226 1947 traditPlutarobusNuuraoss:

95 1983 164 2049 οὐδ’
187 1965 231 2071 ἦν
253 1983 330 2064 παρ’
359 1978 467 2055 αὐτοῖς
493 1975 569 2048 οὔτε
590 1980 732 2066 γραπτὸν
759 1977 835 2048 οὔτε
863 1981 1007 2049 πλαστὸν
1031 1969 1117 2056 εἶδος
1138 1982 1227 2046 θεοῦ

94 2085 268 2170 πρότερον,
288 2085 359 2152 ἀλλ’
378 2084 492 2150 ἑκατόν
509 2083 544 2150 ἐν
561 2083 783 2173 ἑβδομήκοντα
794 2094 859 2162 τοῖς
873 2085 1012 2170 πρώτοις
1028 2082 1113 2150 ἔτεσι
1128 2083 1227 2159 tauta

94 2186 156 2272 μὲν
192 2185 464 2272 οἰκοδομούμενοι
503 2188 557 2253 καὶ
589 2186 747 2264 καλιάδας
786 2188 875 2274 ἱερὰς
912 2187 1067 2269 ἱστάντες,
1100 2185 1228 2272 ἄγαλμα

96 2289 228 2357 δὀο’δὲο
252 2291 421 2378 ἔμμοραον
445 2291 641 2376 ποιούμενοι
664 2294 839 2359 διετέλουν.

199 2397 352 2463 Attamen
370 2397 454 2481 quod
470 2405 565 2483 poeta
583 2398 722 2482 exhibet,
739 2406 879 2464 statuam
893 2419 1029 2463 aeneam
1042 2419 1061 2463 a
1073 2396 1229 2463 Mamurio

95 2522 133 2566 ex
152 2522 224 2566 aere
241 2500 371 2566 ‹luetarn
395 2523 473 2583 esse,
498 2509 582 2566 corte
607 2502 772 2567 rontiuxit.
809 2501 867 2567 llic
892 2504 988 2585 euim,
1005 2503 1094 2566 euius
1110 2518 1227 2565 nomeu

95 2606 243 2671 omnibus
266 2614 376 2671 uotum
400 2614 469 2672 erat
492 2606 533 2671 ob
551 2606 671 2670 ancilia
686 2605 774 2671 Salia
799 2606 840 2670 ab
865 2625 901 2669 eo
925 2607 1083 2687 contecta,
1106 2604 1146 2669 de
1163 2607 1231 2688 qui-

96 2711 154 2774 bus
178 2710 272 2775 refert
292 2708 406 2775 Festus
427 2732 458 2796 p.
480 2708 538 2776 131
549 2710 576 2794 ²)
599 2712 690 2795 quasi
719 2709 886 2795 exemplar
913 2718 1055 2774 vetorum
1072 2707 1231 2774 artilieum

95 2813 283 2879 habebatur.

198 2919 361 2984 Hactenus
385 2917 424 2982 ile
448 2920 570 2999 origine
593 2917 645 2983 (lei
672 2920 801 3001 eiusque
823 2917 996 2998 sinrulaeri,
1020 2937 1116 3000 quam
1132 2924 1231 3002 poeta

96 3025 186 3088 iuitio
211 3030 242 3088 rt
265 3021 328 3086 lino
352 3023 503 3088 carminis
526 3023 673 3109 exponit3
701 3043 787 3086 nuno
815 3023 907 3086 venio
932 3020 974 3086 aul
997 3041 1070 3086 eam
1093 3029 1231 3106 partem,

96 3147 159 3203 oua
180 3127 320 3191 nominis
343 3126 552 3209 veriloquium
575 3127 725 3192 illustrat.

197 3232 300 3313 Atque
316 3229 474 3315 Propertii
490 3229 618 3313 quidem
635 3230 843 3316 temporibus
867 3250 923 3293 eur
943 3227 1021 3292 deus
1037 3227 1233 3293 Vertumnus

94 3334 280 3420 appellatus
305 3341 398 3412 esset,
422 3340 486 3399 tres
510 3356 627 3400 causae
643 3335 839 3414 serebantur,
863 3352 997 3415 quarum
1013 3353 1078 3398 uua
1095 3335 1233 3417 repetita.

94 3445 142 3502 est
171 3457 190 3502 a
217 3437 304 3519 Ιοοο,
339 3458 433 3522 quem
466 3438 633 3504 obtinebat
666 3440 793 3520 signum
819 3436 997 3502 Vertumni.
1047 3433 1131 3500 Nam
1159 3457 1233 3502 eum

94 3541 317 3625 antiquissima
330 3547 437 3606 aetate
450 3562 507 3627 per
522 3541 704 3623 Velabrum,
721 3540 805 3627 quorl
821 3541 926 3604 vieunr
939 3538 1073 3604 Tuscum
1091 3540 1231 3621 attingo·

94 3645 165 3726 bat,
194 3642 317 3708 Tiberis
347 3647 451 3710 amnis
479 3643 605 3727 flueret,
636 3652 749 3732 postea
772 3652 880 3710 autem
904 3641 1022 3708 fiumen
1046 3651 1231 3725 verteretur,

94 3747 288 3813 Vertumnus
312 3768 332 3812 a
354 3744 487 3814 flumine
510 3768 599 3815 rorso
624 3768 739 3815 nomeu
763 3769 854 3814 suum
878 3749 1052 3833 sumpsisse
1077 3746 1231 3813 eredeba-

95 3858 154 3916 tur.
201 3850 313 3934 ltaque
336 3849 520 3936 Propertius
544 3853 581 3920 V.
599 3849 666 3936 ‘2‚7
690 3859 877 3918 narrantem
900 3852 996 3918 ‹loum
1019 3851 1112 3918 facit:

108 3974 141 3979 ...-.
145 3973 274 3980 ⁸——

199 4040 220 4106 ¹)
239 4036 273 4091 of.
287 4035 382 4094 llorat.
395 4037 451 4095 sat.
466 4037 485 4096 l.
498 4040 523 4104 8,
538 4040 567 4092 l:
586 4037 655 4093 Olim
675 4042 785 4093 truncus
800 4056 872 4093 erum
885 4038 999 4093 ficulnus
1013 4037 1107 4092 inutile
1120 4037 1231 4108 liguum.

196 4124 219 4191 ἵ,
237 4122 272 4181 ot.
290 4121 378 4178 Orion
398 4122 471 4179 Fast.
491 4124 537 4179 lll.
556 4124 686 4184 aen—92.
