2812 4688
533 334 749 403 -35..

587 525 681 592 Levis
705 547 770 593 una
792 547 877 595 mors
901 537 949 595 est

381 629 541 711 virginum
565 630 690 716 culpae.

51 751 209 818 quocum
225 733 409 798 conferatur
424 731 590 819 Sophoclis
606 733 768 818 Antigone
783 758 811 800 v.
829 735 907 803 308:
934 734 1004 818 Οὐχ
1018 737 1212 826 ὕμῖπνῖιίιδης

49 837 194 918 μοῦνος
216 834 358 920 ἀρκέσει.

174 962 204 1005 v.
228 937 285 1006 23:
310 940 414 1026 Saepe
428 940 487 1006 illa
501 943 681 1008 immeritae
697 950 832 1010 causata
847 950 895 1010 cst
910 948 1019 1012 omina
1034 949 1131 1015 lunae

51 1045 276 1131 Propertium
299 1053 444 1110 secutum
467 1065 537 1111 esse
553 1044 671 1111 Tibulli
694 1048 880 1134 exemplum
903 1058 1042 1137 apparet
1064 1050 1088 1119 1.
1106 1050 1136 1135 3,
1154 1051 1209 1118 17:

229 1154 285 1214 ant
306 1167 365 1231 ego
389 1169 460 1215 sum
483 1157 633 1216 causatus
657 1172 732 1217 aves
756 1159 812 1218 aut
834 1154 944 1220 omina
966 1153 1046 1221 dira.

51 1255 160 1333 Quae
175 1255 314 1319 imitatio
331 1272 368 1319 eo
384 1256 488 1337 magis
503 1257 675 1341 perspicua
691 1264 748 1338 cst,
773 1256 857 1340 quod
872 1257 1003 1323 verbum
1019 1259 1210 1340 „causandi“

52 1365 200 1425 tantum
231 1357 281 1423 his
308 1355 424 1423 Tibulli
459 1366 491 1423 et
525 1357 685 1445 Propertii
718 1361 798 1426 locis
831 1382 871 1427 ea
903 1363 944 1444 vi,
979 1383 1076 1446 quam
1112 1364 1211 1430 habet

55 1482 227 1546 graecum
249 1461 395 1527 verbum:
433 1464 747 1547 „noopuur'lcor‘luffl
774 1472 961 1551 usurpatur3
986 1466 1081 1533 alitor
1103 1487 1153 1533 res
1177 1487 1211 1533 se

56 1566 173 1633 habet
195 1562 308 1631 Horat.
331 1563 434 1651 Epist.
458 1564 482 1629 l.
508 1565 559 1648 14,
576 1563 630 1631 12:

165 1669 297 1749 „stultus
320 1677 452 1754 uterque
474 1670 581 1735 locum
603 1671 798 1738 immeritum
821 1680 971 1739 causatur
993 1675 1117 1758 inique“

56 1775 126 1841 ubi
152 1773 338 1854 ,causatur“
362 1773 448 1839 idem
471 1773 627 1858 estquod
650 1778 819 1855 „incusat“.

541 2037 743 2044 -·-—-—·——

542 2222 643 2340 Cap.
673 2224 741 2316 lll.

406 2415 462 2482 Ile
485 2416 677 2484 Hercule.
724 2416 773 2500 (c.
797 2417 878 2501 IX.)

180 2622 365 2710 Propertius
399 2645 472 2688 cum
505 2630 616 2689 narrat
649 2625 793 2689 carmine
827 2643 927 2706 nono,
967 2645 1048 2708 quae
1081 2623 1210 2690 Herculi

67 2725 256 2796 acciderint
288 2729 322 2793 in
355 2726 486 2793 ltaliam
523 2729 666 2810 ingresso
701 2748 773 2792 cum
812 2728 945 2794 bovibus
980 2727 1137 2814 Geryonis
1171 2748 1211 2808 ex

67 2831 220 2917 Erythea
244 2832 383 2915 abactis,
418 2833 576 2897 consentit
600 2853 672 2896 cum
695 2833 741 2896 cis
765 2832 925 2915 omnibus,
960 2834 1015 2916 qui
1037 2832 1211 2898 Herculem

69 2937 174 3003 oleum
198 2937 327 3019 eiusque
349 2956 444 3001 sacra
467 2957 487 3001 a
510 2935 643 3002 Graecis
665 2937 806 3022 repetit-a
832 2955 902 3001 esse
936 2942 1062 3021 putant.
1118 2935 1211 3002 Hanc

69 3041 284 3122 sententiam,
311 3060 406 3124 quam
430 3061 451 3105 a
473 3039 606 3106 Graccis
629 3042 708 3126 ipsis
731 3039 897 3105 inductam
927 3060 996 3104 esse
1019 3037 1211 3106 Niebuhrius

70 3151 165 3213 recte
179 3142 342 3228 iudicavit,
367 3165 440 3209 cum
455 3145 513 3210 alii
528 3145 782 3231 explicaverunt,
806 3151 874 3209 turn
895 3144 1036 3209 maxime
1052 3142 1085 3208 T.
1101 3143 1211 3210 Livius

69 3248 97 3315 1.
116 3242 148 3332 7,
166 3245 220 3314 15:
245 3248 343 3330 ,haec
358 3255 426 3314 tum
441 3269 535 3315 sacra
556 3249 711 3314 Romulus
733 3269 800 3314 una
815 3269 854 3314 ex
871 3249 1018 3314 omnibus
1041 3249 1212 3335 peregrina

72 3354 243 3440 suscepit«.
290 3351 410 3418 Tamen
436 3354 602 3435 vulgarem
636 3355 821 3439 opinionem
856 3354 975 3435 egressi
1009 3354 1212 3435 grammatici

70 3456 248 3523 Herculem
284 3456 422 3522 eundem
462 3477 530 3523 esse
565 3477 604 3522 ac
638 3457 794 3539 Sancum,
840 3477 933 3540 quem
968 3455 1064 3521 deum
1097 3455 1210 3521 Sabini

72 3561 217 3629 maxime
232 3561 478 3642 venerabantur,
494 3568 720 3644 cognoverant.
767 3560 869 3626 Varro
882 3560 978 3642 igitur
990 3558 1030 3624 de
1046 3559 1068 3624 l.
1081 3559 1103 3624 l.
1117 3558 1156 3624 V.
1170 3556 1211 3623 66

10 3660 27 3773 l
73 3664 200 3731 docuit:
225 3664 354 3746 „Aelius
369 3664 465 3730 Dium
481 3663 609 3731 Fidium
634 3664 764 3730 dicebat
778 3664 888 3730 Diovis
910 3662 1022 3746 filium,
1045 3668 1081 3728 ut
1096 3661 1212 3729 Graeci

19 3790 30 3859 ᾗ
74 3765 259 3855 Διόσκορον
274 3769 449 3852 Castorem,
473 3776 506 3835 et
520 3770 658 3856 putabat
680 3768 765 3833 huno
788 3788 857 3834 esse
873 3767 1013 3832 Sancum
1036 3767 1077 3832 ab
1093 3766 1214 3831 Sabina

28 3858 42 3949 'r'
73 3872 204 3955 lingua,
225 3856 260 3938 et
271 3872 442 3940 Herculem
459 3896 479 3940 a
495 3874 648 3940 Graeca“.
695 3871 746 3936 Ad
762 3870 941 3936 Varronem
957 3868 1061 3935 redire
1076 3868 1211 3952 videtur,

76 3975 162 4061 quod
182 3974 297 4043 Festus
317 3977 416 4044 tradit
432 4000 464 4065 p.
480 3974 559 4043 229:
585 3976 737 4063 „Propter
751 3977 838 4040 viam
854 3974 890 4041 iit
913 3972 1105 4041 sacrificium
1128 3971 1213 4058 quod

77 4088 126 4147 est
158 4078 384 4167 proficiscendi
417 4084 523 4165 gratia
556 4081 686 4147 Herculi
721 4086 776 4146 aut
810 4078 929 4163 Sanco,
964 4079 1027 4163 qni
1061 4076 1213 4144 scilicet
