2812 4688
534 324 747 392 „57-

178 541 181 547 ’
225 524 278 606 qui
301 521 375 587 tulit
398 521 507 605 aprico
533 517 650 600 frigida
673 525 782 584 castra
804 516 883 583 lare.

222 625 307 692 idem
332 644 428 709 eques
452 630 484 688 et
506 622 615 704 frenis²
639 621 726 687 idem
748 621 809 686 fuit
832 628 927 706 aptus
950 623 1076 701 aratris,
1097 670 1102 678 .

223 736 256 796 et
278 730 375 812 galea
398 728 528 794 hirsutis
552 733 683 812 compta
705 726 819 811 lupina
841 725 933 791 iubis

224 835 313 918 picta
336 853 437 916 neque
461 831 592 897 inducto
616 830 760 913 fulgebat
782 850 899 915 parma
922 848 1060 916 pyropo:

226 937 426 1023 praebebant
449 938 535 1002 oaesi
559 935 668 1000 baltea
690 934 781 1000 lenta
804 934 909 1000 boves

80 1042 191 1107 Cum
184 1043 242 1124 igit
243 1063 280 1106 ur
308 1048 405 1107 antea
433 1038 530 1106 duces
553 1039 690 1104 Romani
714 1036 772 1104 sub
796 1037 868 1102 divo
893 1035 1127 1118 consedissent,
1100 1036 1220 1119 tpri-

80 1167 168 1210 mum
192 1152 283 1231 praet
285 1147 352 1211 orio
375 1164 467 1211 usum
491 1164 560 1209 csse
588 1142 739 1208 docemur
767 1141 857 1251 illum
881 1141 1108 1222 Lucumonem,
1121 1140 1220 1265 ¹)qui

81 1248 217 1314 Romulo
243 1222 394 1315 auxilium
420 1247 505 1312 tulit:

86 1385 89 1388 ·
190 1349 242 1417 29.
269 1354 390 1438 ,prima
417 1351 562 1434 galerit
567 1371 608 1416 us
630 1352 737 1435 posuit
751 1350 923 1435 praetoria
944 1348 986 1433 L)
984 1349 1116 1412 cmon“.

83 1456 195 1523 Etiam
217 1456 301 1520 huno
324 1456 421 1538 galea
443 1454 589 1520 indutum
617 1454 729 1536 fuisse,
757 1450 947 1538 Propertius
967 1370 1089 1518 discere
1116 1452 1221 1538 potuit

79 1561 200 1627 etfort
186 1567 273 1627 tasse
302 1558 432 1641 collegit
460 1580 500 1623 ex
522 1558 677 1624 Varronis
700 1557 771 1622 loco
794 1556 878 1622 del
902 1556 922 1623 l.
946 1556 984 1622 V.
1004 1553 1079 1621 116·
1109 1555 1221 1637 ,galea

79 1686 100 1730 a
121 1664 232 1747 galero
257 1683 318 1747 quo
341 1663 435 1728 multi
458 1664 507 1727 usi
531 1670 603 1728 sunt
627 1663 778 1745 antiqui‘.

182 1768 272 1845 Quod
301 1775 356 1833 aut
358 1788 408 1832 em
439 1775 536 1852 poeta
562 1766 602 1832 dc
630 1766 767 1831 Romulo
802 1764 943 1847 dixerat
979 1764 1078 1829 idt
1046 1765 1144 1829 etiam
1180 1761 1219 1827 de

79 1873 139 1939 Tat
125 1875 170 1939 tio
194 1892 251 1959 pro
276 1881 365 1938 certo
333 1871 548 1938 t·ltrabeba

227 1997 409 2059 magnaque
433 1974 616 2061 pars·Tatio
639 1997 745 2040 rerum
769 1976 838 2040 erat
862 1976 945 2039 inter
968 1992 1051 2038 oves.

79 2083 128 2148 De
156 2082 256 2148 tribus
290 2081 436 2167 partibus
470 2081 582 2165 populi
610 2079 746 2157 Romani
783 2100 855 2144 cum
890 2076 977 2163 apud
1011 2096 1120 2142 omnes
1154 2076 1220 2141 fere

80 2188 252 2271 scriptores
277 2184 432 2267 tradatur,
457 2203 521 2249 non
538 2183 577 2249 de
594 2185 649 2250 eis
664 2185 823 2270 copiosius
843 2181 1064 2249 disserendum
1081 2179 1220 2260 videtur;

81 2290 216 2356 fortasse
239 2289 406 2376 Propertio
430 2289 597 2355 scribenti:

176 2442 179 2450 .
212 2393 287 2458 hinc
311 2388 430 2459 Titie'ns
452 2392 655 2476 Ramnesque
678 2394 737 2457 viri
760 2391 960 2474 Luceresque
984 2388 1090 2454 coloni

80 2499 235 2564 Varronis
257 2495 359 2561 verba
386 2497 654 2578 obversabantur,
689 2497 808 2581 quippe
843 2496 896 2578 qui
930 2493 1043 2560 eodem
1077 2493 1220 2578 partium

81 2600 192 2667 ordine
216 2606 326 2666 utatur
348 2598 403 2680 (de
426 2600 447 2664 l.
472 2601 493 2664 l.
518 2598 555 2665 V.
581 2598 636 2681 55)
661 2599 764 2681 „Ager
785 2597 950 2664 Romanus
977 2599 1117 2684 primum
1140 2596 1220 2661 divi-

81 2726 134 2772 sus
161 2707 195 2771 in
220 2706 342 2791 parteis
365 2700 475 2786 tris,·'a
498 2723 559 2787 quo
582 2703 684 2769 tribus
712 2702 881 2788 appellata
903 2701 1100 2768 latiensium
1122 2700 1220 2766 Ram-

82 2812 172 2874 nium
188 2809 359 2875 Lucerum:
384 2809 581 2890 nominatae,
605 2816 640 2872 ut
664 2807 716 2872 ait
731 2806 864 2888 Ennius,
889 2805 1052 2871 Tatienses
1077 2827 1096 2871 a
1119 2804 1220 2886 Tatio,

81 2915 281 2980 Ramnenses
305 2908 492 2996 a'Romulq
515 2904 664 2994 Luceres,
687 2894 726 2989 ut,
742 2905 866 2986 lunius
891 2932 910 2975 a
932 2910 1143 2975 Lucumonel.

185 3017 248 3083 Sed
271 3017 398 3083 uberius
422 3017 582 3124 agendum
605 3024 654 3082 est
640 3016 716 3081 tde
740 3035 793 3098 eo,
820 3014 904 3098 quod
927 3010 1024 3099 poeta
1046 3013 1217 3078 Romulum

83 3118 222 3208 primum
248 3122 443 3227 triumphum
467 3123 569 3204 egisse
571 3119 703 3187 refert
971 3183 973 3185 ,

230 3222 339 3309 ,tqua
344 3233 429 3291 tuor
449 3225 526 3290 hinc
550 3219 642 3301 albos
664 3223 818 3289 Romulus
841 3225 907 3306 egit
922 3189 1071 3306 equos‘.

82 3328 165 3396 Nam
183 3330 223 3395 de
239 3350 369 3416 pompa,
393 3351 457 3413 qua
479 3328 666 3395 Romulus
657 3349 691 3393 m
715 3328 858 3393 urbem
850 3346 1011 3409 ingressus
1035 3319 1085 3406 sit,
1109 3332 1237 3391 narrat

83 3433 255 3519 Dionysius
277 3432 390 3500 11.34:
417 3433 599 3508 τελευταῖος
622 3429 659 3497 δὲ
681 3433 739 3519 τῆς
761 3433 901 3517 πομπῆς
923 3427 1019 3505 οὗτος
1042 3423 1221 3512 ἐπορεύετο

85 3536 214 3624 ἐσθῆτα
241 3534 302 3620 μὲν
329 3536 557 3624 ἠμφιεσμένος
584 3536 736 3623 ἁλουργῆ,
764 3532 871 3621 δάφνῃ
902 3530 939 3599 δὲ
965 3534 1222 3616 κατεστεμμένος

84 3640 140 3716 τὰς
166 3640 284 3725 κόμας,
311 3640 365 3705 καὶ
391 3639 444 3705 ἵνα
470 3640 505 3706 orl
533 3641 700 3724 βασίλειον
728 3638 855 3722 ἀξίωμα
878 3635 976 3724 σώζῃ,
1010 3638 1220 3722 τεθρίππῳ

85 3741 355 3842 παρεμβεβηκώς.
403 3745 485 3811 Huic
519 3745 709 3816 adversatur,
740 3744 931 3811 Plutarchus
964 3746 1018 3809 vit.
1047 3743 1138 3807 Rom.
1164 3740 1218 3807 16:

85 3846 214 3922 Κόσσος
235 3844 297 3930 μὲν
313 3844 373 3915 οὖν
394 3847 449 3912 καὶ
469 3845 667 3932 Μάρκελλος
693 3844 759 3936 ἤδη
788 3848 990 3931 τεθρίπποις
1018 3843 1220 3933 εἷςήλαονον,

189 4092 213 4162 ¹)
231 4089 271 4144 De
290 4067 443 4143 Lucumone
462 4090 496 4143 cl.
515 4108 541 4160 p.
560 4094 594 4148 30
703 4121 708 4130 .
1095 4069 1100 4076 ’
1287 4084 1324 4416 Γ
