2812 4688
585 334 799 403 ..21-

252 529 320 595 llao
342 527 504 613 qnondam
528 527 694 593 Tiberinus
718 529 778 592 iter
803 528 952 611 iaciebat,
976 537 1009 596 et
1031 534 1122 596 aiunt

252 654 408 699 remorum
433 631 560 698 amlitos
584 652 640 715 per
663 630 748 696 ralla
771 631 865 716 pulsa
887 652 996 699 sonos:

254 746 288 803 at
311 745 480 823 postquam
502 734 557 800 illo
581 736 646 800 suis
670 742 796 800 tantmn
820 739 977 802 concessit
994 738 1143 819 alumnis,

252 842 447 908 Vertumnus
471 859 560 905 verso
584 838 675 904 <licor
698 839 739 904 ab
764 840 968 907 amaedeus.

130 945 203 1010 Non
233 951 281 1010 est
314 942 645 1031 praetermittendum,
680 949 809 1028 poetam
844 945 908 1009 alio
943 945 1013 1010 loco
1047 943 1189 1011 eiusdem
1218 947 1262 1010 rei

129 1050 324 1115 mentionem
355 1049 461 1113 lacere
493 1046 547 1129 (V.
565 1043 600 1130 9,
622 1044 672 1130 5):
709 1068 788 1130 „qna
810 1047 954 1114 Velabra
982 1069 1039 1113 sno
1067 1048 1264 1130 stagnabant

130 1153 262 1218 flumine
285 1171 409 1235 quaque
435 1157 534 1216 nanta
558 1172 614 1235 per
636 1151 778 1215 urbanas
802 1151 987 1217 velificabat
1010 1154 1126 1236 aqrras“
1138 1151 1170 1234 ¹).

234 1255 336 1333 Quam
359 1276 425 1320 rem
449 1254 614 1340 Propertio
639 1261 748 1319 notam
769 1254 866 1320 luisse
882 1277 1075 1339 quamquam
1092 1254 1264 1321 verisimile

131 1367 189 1442 est,
213 1366 322 1425 tamen
346 1365 473 1444 poterat
496 1360 540 1422 uti
565 1357 682 1423 Tibulli
706 1358 853 1444 exemplo
877 1358 916 1426 ll.
934 1356 964 1442 5,
981 1356 1036 1424 33:

331 1469 366 1529 at
388 1484 452 1546 qua
473 1462 606 1528 Velabri
630 1463 717 1544 regio
741 1468 841 1548 patet,
865 1463 911 1528 ire
933 1462 1060 1528 solebat

330 1568 462 1648 exiguus
486 1565 581 1652 pulsa
604 1586 661 1651 per
684 1565 886 1631 venalium
909 1588 1002 1650 aqua.

234 1670 378 1736 Alterum
403 1670 613 1753 veriloquium
636 1667 767 1734 ductum
790 1677 838 1734 est
862 1691 882 1734 a
906 1676 1065 1756 tempore3
1089 1691 1165 1735 nam
1190 1670 1268 1734 anni

131 1776 284 1840 vertentis
307 1773 604 1856 frugesVe1·turnni
627 1793 739 1838 sacrae
761 1773 980 1839 habebantur:

254 1877 316 1942 Seu
339 1878 414 1962 qnia
437 1879 588 1942 vertentis
611 1877 749 1942 fructum
772 1879 995 1963 praecepimus
1020 1879 1096 1943 anni

260 1980 427 2046 Vertumni
450 1981 563 2063 uulgus
587 1979 723 2071 crealirlit
746 2000 815 2046 esse
839 2000 975 2046 sacrum.

132 2085 309 2150 Vertnmno
327 2086 423 2167 igitur
439 2086 600 2170 primitiae
623 2085 750 2166 frugum
773 2083 957 2167 offeruntur,
979 2106 1060 2168 qnae
1079 2090 1269 2170 procreatae

132 2197 207 2254 sunt
231 2190 347 2254 annuis
374 2189 688 2255 commutationibus.
740 2188 827 2266 Quae
856 2195 1083 2254 enumerantur
1111 2211 1130 2253 a
1158 2195 1268 2272 poeta:

288 2293 396 2376 prima
419 2292 496 2356 milri
519 2294 625 2358 uariat
647 2293 820 2358 liventibus
843 2314 906 2359 ura
928 2292 1097 2375 racernis²)

291 2403 323 2462 et
346 2415 439 2461 coma
462 2396 595 2462 lactenti
619 2397 729 2481 spicea
752 2397 842 2478 fruge
865 2404 975 2462 tumet.

289 2499 341 2564 bic
365 2497 475 2564 dulces
499 2518 637 2581 cerasos,
661 2499 713 2564 bic
737 2501 939 2567 autumnalia
963 2521 1067 2586 pruna

292 2605 395 2668 cernis
418 2611 449 2668 ot
474 2605 593 2669 aestivo
617 2622 707 2668 mora
729 2604 844 2670 rubere
868 2604 937 2670 deo.

136 2708 241 2774 Simili
264 2707 367 2773 forma
389 2708 489 2772 utitur
511 2706 671 2789 Vergilius
695 2706 751 2774 Ge.
776 2707 815 2774 ll.
833 2705 889 2773 60:

292 2818 324 2876 et
347 2812 449 2897 turpis
473 2811 585 2877 aribus
608 2810 765 2896 praedam
788 2813 848 2877 sert
870 2833 932 2876 uva
957 2830 1117 2878 racemos

137 2934 342 2944 ———.......—

202 2992 207 3001 ‘
240 2982 262 3050 ¹)
281 2980 461 3035 Conseruntur
479 2981 506 3035 ni
526 2982 577 3036 loci
597 3000 657 3037 cnm
676 2983 975 3041 continetiam:

343 3067 395 3134 bie,
416 3067 462 3122 ubi
482 3085 552 3122 nnnc
572 3069 631 3124 lora
649 3073 721 3128 sunt.
739 3070 832 3124 lintres
852 3086 940 3124 errare
953 3069 1064 3133 videres,

344 3169 451 3224 (piraque
469 3155 559 3209 iacent
577 3156 673 3223 valles,
692 3156 807 3211 llaxime
826 3157 908 3222 circe,
927 3159 999 3212 tuae.

218 3238 261 3296 Vl.
275 3239 340 3296 405:
359 3256 414 3310 qua
432 3239 548 3296 Velabra
566 3241 654 3296 solent
673 3243 698 3296 in
718 3243 824 3298 Circum
843 3243 940 3296 (lucere
958 3257 1073 3312 pompas

361 3326 397 3379 nil
417 3332 525 3398 praeter
544 3329 640 3384 salices
659 3345 791 3401 cassaque
810 3345 898 3383 emma
916 3328 975 3386 luit.

364 3430 445 3484 saepe
464 3415 633 3470 suburbanas
652 3416 758 3470 rediens
777 3417 891 3470 conviva
909 3432 956 3485 per
974 3413 1062 3468 undas

366 3503 460 3554 cantat
479 3506 506 3554 et
525 3502 559 3556 ml
579 3505 677 3558 nantas
695 3504 771 3558 ebrio
789 3503 870 3558 rerba
889 3503 962 3559 iac-it.

367 3587 484 3641 nondum
503 3589 665 3644 conveniens
684 3591 797 3645 (liversis
816 3589 868 3643 iste
887 3587 979 3659 figuris

368 3689 463 3726 nomen
484 3675 518 3728 ab
536 3692 631 3730 averso
650 3680 760 3746 ceperat
779 3693 856 3730 amne
875 3676 949 3730 cleos.

246 3758 269 3827 2)
289 3757 391 3814 Eadem
411 3759 465 3813 lere
481 3763 565 3842 =rerba
584 3763 756 3817 inveniuntur
773 3767 800 3816 et
820 3761 893 3832 apuu
912 3759 1049 3815 Ovidium:

285 3844 348 3902 blet.
367 3845 413 3903 lll.
425 3848 488 3903 482:
578 3853 624 3903 ant
643 3852 674 3902 nt
692 3849 773 3903 ratiis
793 3848 863 3902 solet
880 3864 934 3901 uva
952 3845 1064 3901 racemis

494 3934 592 3990 (lucere
610 3952 776 4006 purpureum
795 3935 914 3990 ncmlnm
932 3935 1031 3988 natrrra
1049 3931 1174 3985 colorem.

145 4018 173 4073 et
192 4015 265 4086 apud
284 4016 428 4074 Horatium
446 4037 468 4075 c.
483 4022 515 4079 ll.
529 4026 554 4090 5,
573 4025 688 4080 10-12:

473 4110 629 4181 Distingnet
648 4113 793 4165 autumnus
812 4123 933 4163 racemos

476 4201 614 4271 Purpureo
633 4199 723 4254 varius
742 4197 840 4254 colore.
