2812 4688
595 303 812 374 -50-

139 496 297 583 quomodo
321 495 481 579 Vergilius
511 497 552 562 ab
575 495 689 563 Aenea
711 497 839 562 initium
861 516 986 565 sumere
1012 500 1196 585 potentiam
1221 500 1284 564 rei-

138 603 304 688 publicae,
339 604 387 668 ita
413 599 598 688 Propertius
625 601 757 667 Aeneae
792 599 932 667 adventu
962 601 1100 668 Romam
1135 602 1284 686 aliquam

137 708 312 789 imaginem
335 705 455 771 habere
478 707 623 791 coepisse
646 706 820 771 existimat.

241 827 289 894 De
317 828 421 893 forma
448 833 557 893 autem
583 827 699 892 veteris
732 825 821 892 urbis
856 845 954 908 agens
971 825 1168 913 ‘Propertius
1207 848 1284 895 oum

138 939 330 1019 paupertate
364 952 402 997 ac
436 932 593 997 tenuitate
621 931 827 1014 antiquarum
862 927 991 995 aedium
1024 937 1197 1017 comparat
1232 934 1284 998 sui

138 1037 293 1121 temporis
320 1034 530 1101 celeberrima
558 1033 709 1101 aedificia
735 1041 768 1100 et
795 1039 1016 1116 monumenta,
1052 1053 1189 1119 quorum
1218 1037 1288 1123 pri-

141 1161 227 1205 mum
250 1137 364 1204 laudat
386 1139 543 1223 templum
563 1140 597 1202 ln
612 1138 740 1205 Palatio
757 1136 902 1223 Apollini
926 1137 967 1202 ob
982 1139 1153 1205 victoriam
1168 1137 1288 1206 Actia-

142 1265 214 1309 cam
237 1240 423 1309 dedicatum
433 1241 471 1324 ¹):

286 1353 400 1430 „atque
422 1345 478 1411 ubi
501 1345 610 1412 navali
633 1351 721 1412 stant
744 1364 838 1411 sacra
860 1345 990 1412 Palatia
1013 1345 1154 1430 Phoebo,

286 1449 433 1516 Euandri
456 1450 611 1536 profugae
635 1449 836 1516 concubuere
860 1449 983 1516 boves«.

141 1556 246 1639 Atque
270 1561 357 1620 recte
381 1559 479 1640 poeta
501 1555 607 1639 ipsum
628 1552 793 1619 Palatium
816 1553 923 1636 elegit,
951 1553 1034 1638 quod
1057 1557 1090 1621 in
1114 1566 1161 1621 eo‘
1175 1557 1289 1641 prImo

140 1661 284 1724 omnium
298 1657 441 1723 locorum
457 1656 623 1723 domicilia
647 1657 823 1723 constituta
845 1677 914 1724 esse
938 1677 1048 1724 omnes
1064 1661 1287 1728 consentiunt.

140 1762 228 1841 Quae
252 1783 323 1826 curn
348 1761 389 1826 ab
414 1759 567 1826 Evandro
591 1760 722 1827 condita
745 1781 815 1827 esse
838 1769 957 1844 narret,
986 1762 1113 1828 accedit
1135 1762 1178 1829 ad
1203 1763 1289 1831 Ver-

140 1866 255 1949 gilium
278 1865 357 1931 Aen.
375 1864 461 1931 VIII.
486 1863 549 1930 313
572 1867 620 1931 ita
647 1864 687 1930 de
715 1884 752 1930 eo
775 1866 973 1949 loquentem:
998 1865 1182 1947 „Romanae
1207 1888 1287 1934 eon-

140 1969 224 2035 ditor·
240 1970 351 2036 arcis.“
389 1968 576 2036 Evandrum
593 1975 700 2035 autem
723 1990 764 2034 ex
780 1967 919 2035 Graecia
934 1970 1138 2057 „profugum“
1160 1972 1196 2036 in
1216 1970 1286 2037 Ita·

140 2074 219 2140 liam
241 2075 381 2157 venisse,
398 2073 497 2140 tradit
520 2075 619 2139 etiam
641 2074 749 2139 Livius
757 2072 784 2155 ²)
808 2071 831 2137 1.
849 2071 880 2156 7,
895 2071 930 2139 8:
955 2073 1124 2154 „Evander
1146 2080 1214 2140 tum
1242 2095 1286 2142 ea

141 2177 326 2263 profugus
354 2197 395 2243 ex
418 2176 639 2263 Peloponneso
668 2178 861 2243 anctoritate
888 2179 992 2258 magn
1021 2198 1119 2262 quam
1144 2180 1286 2266 Imperio

141 2281 274 2364 regebat
296 2281 396 2348 loca“.

249 2384 298 2450 De
320 2390 427 2451 vetere
456 2391 564 2450 autem
583 2382 734 2471 Palatii³l
763 2385 876 2451 habitu
909 2385 1028 2451 similia
1050 2385 1208 2469 Tibullus,
1244 2407 1287 2452 ex

142 2507 203 2572 qno
226 2488 430 2575 Propertium
453 2488 595 2575 pendere
618 2490 791 2556 verisimile
814 2496 877 2572 est,
901 2486 1220 2572 salinariam:

297 2592 451 2658 Romulus
475 2600 628 2659 aeternae
650 2592 793 2659 nondum
815 2591 1001 2659 firmaverat
1023 2594 1109 2659 urbis

298 2698 427 2763 moenia
450 2747 617 2764 ......

298 2799 354 2866 sed
377 2807 454 2866 tunc
478 2800 657 2887 pascebant
679 2800 817 2866 herbosa
838 2800 969 2866 Palatia
991 2822 1118 2868 vaccae.

248 3111 270 3177 1)
290 3109 367 3164 Hanc
386 3110 480 3164 aedem
498 3109 617 3164 celebrat
635 3112 718 3180 poeta
736 3110 819 3164 etiam
837 3109 897 3164 aliis
917 3109 992 3175 locis,
1006 3109 1040 3166 el.
1054 3108 1100 3162 llI.
1113 3110 1156 3174 31,
1169 3107 1202 3166 V.
1214 3112 1241 3167 6.

246 3197 268 3264 2)
288 3195 473 3250 Conferendus
494 3197 536 3250 est
559 3196 639 3250 etiarn
658 3194 788 3250 VarronIs
813 3195 847 3248 ‹le
865 3194 882 3253 1.
902 3195 917 3249 Ι.
937 3194 967 3254 V.
979 3197 1026 3250 21:
1045 3193 1172 3248 Euander
1191 3194 1239 3264 qui
1259 3195 1288 3248 In

143 3283 311 3337 Palatium
329 3282 410 3348 venit,
429 3298 444 3335 e
462 3281 577 3336 Graecia
595 3283 688 3337 Arcas.

245 3369 269 3437 ³)
288 3368 366 3435 Quod
386 3367 563 3438 veriloquium
581 3370 709 3424 exstabat
728 3368 761 3422 de
777 3367 892 3434 Palatio,
910 3368 938 3422 id
957 3371 1039 3437 poeta
1057 3383 1109 3421 non
1129 3367 1211 3422 modo
1230 3385 1288 3424 non

143 3456 259 3524 ignorat,
284 3454 331 3507 sed
356 3455 508 3524 algnillcare
531 3455 637 3509 videtur
660 3455 728 3525 Ipsis
751 3454 839 3509 verbis
859 3453 1003 3518 „Euandro
1028 3454 1161 3524 profugae
1184 3470 1288 3509 concu-

143 3541 224 3595 buere
251 3541 359 3595 boves“.
396 3539 465 3594 Nam
483 3539 617 3595 Palatium
636 3540 805 3612 appellatum
824 3557 883 3596 esse
901 3558 918 3595 a
935 3541 1049 3596 bovibus
1072 3540 1288 3611 palantibus,

144 3626 257 3696 legimus
277 3627 350 3696 apud
368 3626 482 3681 Paulum
500 3644 526 3697 p.
541 3627 605 3683 220:
626 3627 777 3691 „Palatium
802 3628 829 3682 id
848 3631 889 3683 est
907 3643 984 3682 mons
1003 3626 1105 3681 Itomae
1127 3627 1289 3698 appellatus

144 3718 193 3777 est,
213 3713 340 3783 quodibi
361 3729 444 3783 pecus
464 3730 578 3783 pascens
597 3713 715 3769 balare
734 3715 918 3780 consuerent,
947 3713 987 3768 vel
1006 3713 1080 3784 quod
1103 3713 1240 3782 palare,
1261 3717 1287 3770 id

144 3802 185 3852 est
203 3815 299 3860 errare.
321 3800 355 3854 ibi
369 3799 488 3868 pecudes
501 3800 644 3855 solerent“.
672 3801 732 3854 Hoc
750 3800 858 3871 quidem
876 3800 944 3855 satis
957 3801 1073 3865 constat,
1093 3801 1289 3869 grammaticos

144 3885 170 3937 in
191 3885 242 3939 lrac
261 3903 315 3939 nna
328 3885 444 3939 nominis
463 3885 685 3956 iuterpretatione
704 3904 756 3940 non
776 3886 952 3957 acquievisse,
971 3902 1054 3956 qnare
1067 3884 1123 3939 alia
1135 3886 1290 3957 verIloquia

144 3972 259 4026 nomInis
290 3972 474 4041 protulerunt,
521 3988 591 4042 quae
620 3973 702 4027 etiam
731 3972 853 4027 historici
886 3972 1032 4042 scriptores
1063 3970 1181 4041 amplexi
1213 3977 1289 4040 sunt,

144 4057 178 4111 cf.
189 4057 274 4112 Varro
285 4058 319 4112 de
328 4056 344 4112 l.
356 4057 373 4116 l.
384 4057 415 4116 V.
425 4058 467 4124 53,
481 4057 572 4114 livius
582 4061 602 4114 l.
612 4061 637 4118 5.
648 4064 671 4126 1,
684 4059 796 4131 Dionys.
807 4057 868 4112 Ilal.
878 4058 899 4116 Ι.
909 4059 951 4125 31,
966 4058 1073 4113 Servius
1084 4058 1150 4116 Aen.
1160 4058 1233 4118 VIII.
1244 4061 1288 4115 51.
