2812 4688
609 341 802 408 ..3...

238 535 289 600 Ad
312 536 372 602 hoe
396 534 548 600 iudicium
572 569 610 579 -
636 553 740 617 aquo
763 542 943 621 temporum
976 537 1116 602 rationes
1139 538 1271 603 minime

134 639 329 705 dissentiunt
351 676 393 685 —-
416 641 515 704 etiam
531 637 674 703 adducor
690 641 888 720 argumentis
904 642 1084 705 carminum
1099 640 1270 724 diligenter

134 744 322 810 observatis.
367 743 437 820 Qua
452 744 486 807 in
501 762 535 808 re
559 742 732 828 praecipue
755 742 814 808 illa
836 745 982 810 carmina
1009 743 1160 826 eligenda
1187 752 1271 828 sunt,

134 849 250 931 quibus
284 869 395 928 „sacra
423 847 553 931 diesque
582 847 774 929 cognomina
800 849 909 933 prisca
935 847 1094 913 locorum“
1129 849 1271 915 versibus

137 952 300 1018 illustrare
323 952 383 1017 sibi
409 959 506 1037 poeta
534 952 708 1037 proposuit.
754 951 829 1028 Quis
856 953 943 1017 enim
976 951 1041 1018 illis
1075 952 1270 1017 carminibus

135 1057 263 1141 penitus
279 1057 456 1142 perspectis
473 1056 616 1137 negabit,
633 1062 774 1140 poetam,
791 1063 826 1121 ut
841 1056 900 1122 illa
916 1056 1079 1138 scriberet,
1097 1058 1131 1121 in
1146 1075 1270 1122 morum

134 1178 299 1225 sacrorum
330 1158 513 1224 fabularum
542 1159 728 1240 cognitione·
753 1166 855 1224 totum
882 1181 916 1226 se
945 1159 1142 1226 collocasse?
1187 1160 1270 1226 Eum

135 1273 244 1330 autem
268 1264 508 1330 adulescentem
531 1264 565 1327 in
587 1262 646 1328 illa
668 1262 776 1328 studia
798 1264 981 1329 incubuisse
1005 1283 1069 1329 nen
1096 1265 1270 1330 uerisimile

132 1368 221 1451 est¹),
245 1387 319 1432 cum
335 1366 494 1454 Propertii
517 1368 681 1449 ingenium
697 1369 745 1432 ita
760 1375 984 1454 comparatum
1000 1375 1093 1449 esset,
1117 1375 1152 1433 ut
1167 1369 1270 1449 magis

133 1471 175 1537 ad
198 1472 333 1556 lyricum
368 1491 465 1554 quam
488 1468 530 1536 ad
554 1472 681 1556 epicum
709 1490 842 1557 poeseos
870 1491 970 1554 genus
997 1493 1031 1538 se
1060 1478 1267 1538 converteret.

133 1574 245 1659 Itaque
268 1573 449 1661 putandum
472 1581 529 1656 est,
564 1581 694 1660 poetam
722 1575 763 1641 ab
791 1593 828 1640 eo
851 1582 996 1661 tempore
1023 1595 1084 1659 quo
1108 1581 1269 1641 enatura

133 1679 193 1743 sibi
218 1678 421 1764 praeclaram
445 1678 488 1743 ad
517 1681 663 1744 earmina
689 1679 864 1765 pangenda
892 1679 1033 1745 indolem
1061 1678 1173 1745 datam
1200 1698 1270 1745 esse

135 1785 276 1865 sentiret,
308 1782 351 1848 ad
379 1785 501 1869 poesim
530 1782 666 1868 lyricam
694 1784 759 1849 sive
789 1784 981 1849 amatorium
1016 1781 1134 1848 adiisse
1168 1801 1270 1866 neque

137 1888 225 1972 prius
241 1887 282 1952 ab
297 1886 358 1952 hee
374 1908 490 1969 genere
514 1885 698 1953 discessisse
721 1908 817 1970 quam
841 1887 991 1952 mulieres
1014 1886 1056 1951 ab
1080 1906 1117 1951 eo
1140 1892 1270 1952 amatae

134 1989 305 2056 abdicatae
333 1998 449 2055 essent.
507 1989 614 2067 Quid?
659 1988 773 2056 Nonne
804 1992 874 2077 ipse
909 2011 936 2056 c.
960 1989 1016 2055 ΙΙΙ.
1042 1988 1093 2072 10,
1122 1986 1161 2055 17
1196 2008 1270 2075 pro-

134 2094 261 2160 nuntiat

290 2178 406 2260 „Aetas
422 2181 529 2266 prima
544 2188 642 2246 canat
664 2201 806 2263 veneres,
829 2188 974 2247 extrema
996 2179 1162 2261 tumultus,

287 2283 376 2350 bella
399 2304 525 2368 cauam,
549 2285 677 2367 quando
700 2286 822 2371 scripta
844 2286 954 2373 puella
977 2307 1051 2352 mea
1073 2283 1161 2352 esti«

131 2386 290 2455 Provecta
327 2389 425 2470 igitur
463 2395 571 2454 aetate
611 2391 751 2475 patriam
794 2389 1024 2456 celebrandam
1063 2397 1268 2472 veterumque

131 2510 236 2559 mores
259 2500 292 2558 et
315 2512 408 2558 sacra
431 2494 627 2558 carminibus
651 2493 866 2560 describenda
889 2494 950 2559 sibi
973 2496 1148 2580 proposuit.

233 2595 324 2674 Quod
361 2604 397 2662 ut
424 2596 603 2682 perliceret,
642 2597 684 2662 ad
707 2615 761 2663 ees
798 2599 970 2684 scriptores
1008 2596 1098 2679 adiit,
1137 2599 1189 2681 qui
1228 2595 1268 2661 de

133 2701 325 2784 antiquitate
352 2700 499 2767 Romana
526 2703 731 2787 scripserant.
788 2700 901 2785 ltaque
929 2722 1002 2766 cum
1035 2700 1077 2767 ad
1110 2703 1269 2767 rationem

135 2804 236 2887 quinti
259 2803 334 2869 libri
363 2804 614 2886 intellegendam
638 2812 706 2870 tum
729 2805 772 2871 ad
786 2804 945 2892 Propertii
966 2807 1129 2887 ingenium
1152 2822 1269 2886 cogno·

134 2906 288 2974 scendum
303 2908 439 2974 multum
450 2909 594 2974 conferre
609 2908 744 2991 videtur,
761 2916 911 2976 accurate
927 2910 1102 2992 exquirere,
1120 2907 1269 2992 aquibus

132 3012 317 3079 auctoribus
333 3012 515 3079 doctrinam
529 3012 594 3079 illis
618 3035 674 3080 sex
697 3012 894 3079 carminibus
916 3012 1107 3078 mandatam
1129 3012 1268 3098 petierit,

131 3116 246 3201 quibus
268 3116 363 3183 rebus
387 3138 459 3183 cum
482 3118 528 3183 eis
551 3125 716 3200 congruat,
748 3117 924 3201 quibusque
947 3116 987 3182 de
1010 3118 1116 3183 causis
1139 3115 1268 3202 saepius

130 3239 205 3286 cum
226 3221 274 3288 eis
295 3219 495 3309 discrepet.²)

235 3408 256 3477 ¹)
274 3406 351 3463 Unus
360 3407 553 3478 Hertzbergius
567 3408 689 3478 (Quaest.
698 3407 778 3479 Prop.
790 3408 836 3464 ΙΙΙ.
845 3408 863 3463 3
872 3425 898 3478 p.
904 3408 968 3477 223)
978 3408 1099 3462 carmina
1113 3407 1268 3473 ,Remana“

130 3496 195 3548 ante
212 3493 349 3567 Cynthiae
366 3510 484 3549 amorem
503 3494 613 3549 iuvenili
637 3498 726 3549 aetate
750 3496 861 3550 condita
884 3512 943 3550 esse
966 3495 1081 3565 putavit,
1105 3510 1187 3564 quam
1210 3510 1269 3549 sen-

131 3580 248 3637 tentiam
260 3581 360 3635 nemini
376 3581 450 3652 quod
463 3581 548 3636 sciam
560 3582 687 3652 probavit
705 3582 757 3637 nisi
770 3581 904 3637 Guilelmo
915 3581 1019 3653 Langio
1038 3581 1091 3651 (De
1109 3581 1268 3637 Callimachi

130 3666 354 3727 Aetiis.Dissert.
368 3669 457 3739 inaug.
471 3668 629 3738 Lips.1882
646 3686 672 3739 p.
687 3670 746 3739 12),
766 3685 932 3740 quamquam
950 3670 1032 3724 etiam
1049 3668 1094 3723 hic
1113 3669 1269 3724 dubitanter

130 3754 166 3809 ad
183 3754 260 3811 illam
278 3755 432 3826 opinionem
449 3755 570 3821 inclinat,
596 3772 657 3811 cum
681 3756 768 3810 dicat:
798 3756 862 3822 ,sed
885 3771 1055 3828 quecumque
1077 3759 1200 3826 tempore
1222 3754 1270 3809 illa

131 3840 297 3913 aetiologie'a
312 3840 446 3912 Propertii
465 3842 586 3897 carmina
603 3843 707 3913 scripta
724 3845 788 3898 sunt
806 3846 873 3897 ete.“

233 3928 258 3999 ¹)
275 3926 329 3984 Hie
355 3927 462 3984 libellus
486 3928 596 3999 expleat
618 3928 698 3984 velim
722 3928 819 3984 librum
843 3929 877 3984 ab
896 3933 928 3987 Α.
956 3929 1032 3984 Ottio
1060 3928 1192 3999 seriptum
1220 3927 1271 3993 ,de

133 4014 234 4073 fabulis
246 4014 445 4086 Propertianis‘
461 4015 537 4084 1880,
550 4016 627 4071 cuius
641 4016 700 4072 libri
713 4015 791 4070 initio
803 4015 849 4071 hic
864 4017 961 4070 doetus
975 4016 1015 4069 vir
1033 4015 1075 4069 his
1094 4014 1162 4084 ipsis
1181 4013 1268 4069 verbis

87 4122 90 4179 3
131 4102 305 4175 pronuntiat:
325 4101 448 4167 ,fabulas
467 4101 604 4159 Romanas
623 4102 749 4157 consulto
767 4102 901 4160 exclusi“.

1082 4204 1114 4262 1*
