2812 4688
556 301 776 387 ¹--ce-

202 493 251 560 De
271 481 368 560 tertia
384 500 474 580 parte
491 495 653 577 carminis,
677 515 740 579 qua
762 499 860 581 poeta
875 496 1051 579 praefatur,
1075 495 1149 580 quid
1166 517 1238 561 car-

97 598 243 663 minibus
265 597 419 664 Romanis
442 604 637 665 tractaturus
661 600 712 681 sit,
736 598 816 663 nihil
839 605 887 664 est
910 599 993 681 quod
1018 599 1182 667 disseram.
1193 600 1215 682 ¹)

202 787 225 855 ¹)
244 783 360 841 Garmini
384 785 469 855 primo
493 784 630 839 subiuncti
654 789 718 839 sunt
744 785 884 854 octoginta
908 786 1132 856 mansoribus
1156 790 1239 857 poeta

95 873 282 940 horoscopum
294 871 428 942 quendam
440 870 620 942 babylonium
633 871 737 925 inducit
755 871 805 926 sibi
819 872 1015 942 obiurgantem,
1034 874 1109 944 quod
1127 873 1161 927 ad
1181 872 1236 927 tale

96 975 176 1030 opus,
200 958 281 1028 quale
298 958 350 1013 sibi
369 957 552 1029 proposuerit,
576 959 728 1014 accesserit.
765 958 833 1012 Cum
856 957 931 1012 illum
956 959 1137 1030 horoscopum
1156 960 1237 1029 origi-

97 1062 160 1100 nem
173 1045 348 1099 deducentem
361 1043 446 1098 faciat
459 1059 490 1097 ex
505 1043 625 1112 Conone,
643 1047 725 1115 poeta
744 1045 879 1114 cogitasse
893 1045 998 1099 videtur
1011 1046 1043 1099 de
1057 1045 1103 1101 illo
1117 1046 1239 1112 Conone,

97 1132 145 1203 qui
164 1132 323 1186 Ptolemaeo
341 1133 471 1201 regnante
494 1146 598 1184 comam
616 1131 757 1184 Berenices
781 1132 808 1184 in
833 1131 972 1185 stellarum
990 1149 1129 1186 numerum
1143 1136 1238 1186 rettu-

97 1219 163 1274 lisse
176 1218 283 1284 dicitnr,
302 1217 335 1271 de
348 1233 401 1287 quo
416 1217 451 1270 cf.
461 1215 620 1271 Callimachi
635 1235 657 1274 c,
671 1217 704 1271 de
717 1234 800 1272 coma
817 1218 876 1271 Ber.
890 1217 988 1272 Catuli.
1002 1236 1025 1276 c.
1038 1219 1080 1276 66.
1095 1219 1119 1284 l,
1141 1217 1238 1288 Vergil.

97 1302 156 1362 Ecl.
175 1305 222 1362 lll.
239 1306 282 1361 40.
1165 1348 1168 1353 ⁴

202 1390 254 1445 Sed
278 1388 384 1444 illoru'nr
410 1389 552 1460 octoginta
576 1405 700 1444 versuum
722 1390 798 1460 origo
822 1406 986 1460 quamquam
1014 1407 1067 1445 nou
1091 1394 1133 1445 est
1155 1391 1236 1462 plone

98 1477 250 1550 explorata,
268 1480 359 1531 tamen
372 1477 473 1531 nostris
486 1476 652 1547 temporibus
666 1491 744 1530 nomo
764 1475 860 1530 doctus
880 1476 995 1542 dubitat,
1014 1477 1079 1548 quin
1099 1478 1156 1548 ipse
1170 1477 1234 1531 Pro-

98 1565 202 1635 pertius
220 1567 303 1630 ratus,
322 1581 351 1618 se
369 1566 426 1618 tarn
444 1563 539 1634 grandi
552 1563 626 1634 operi
645 1579 699 1616 non
718 1579 809 1632 parem
827 1579 894 1628 esse,
913 1562 989 1636 illum
1007 1563 1188 1634 horoscopum
1207 1581 1236 1617 se

99 1652 287 1706 admonentem
305 1651 407 1716 fecerit,
425 1653 456 1703 ut
474 1650 566 1720 potius
585 1649 675 1719 elegos
695 1665 776 1719 quam
795 1649 915 1702 cannino
932 1650 1042 1704 heroica
1061 1655 1175 1721 pangat:

242 1739 278 1792 At
296 1739 325 1791 tu
345 1737 416 1807 finge
436 1736 535 1806 elegos,
554 1735 639 1790 fallax
658 1752 735 1806 opus,
754 1767 786 1775 -
805 1735 872 1789 haec
891 1738 939 1790 tua
957 1738 1049 1791 castra
1065 1767 1100 1776 -

238 1824 339 1878 scribat
357 1827 388 1877 ut
406 1823 528 1894 exemplo
547 1825 637 1877 cetera
655 1823 736 1877 turba
756 1826 813 1879 tuo.

98 1911 225 1965 lilocutio
244 1913 334 1965 autem
351 1910 448 1965 horum
466 1926 592 1963 versuum
614 1910 707 1963 eodem
731 1909 811 1964 morlo
836 1909 870 1962 ad
889 1908 1034 1979 Vergilium
1057 1912 1085 1964 et
1103 1910 1238 1964 Tibullum

99 1998 205 2052 accedit
223 2001 305 2067 atque
323 2000 413 2052 cetera
430 1996 561 2068 Propertii
581 1997 714 2062 carmina3
732 1996 767 2050 cf.

203 2083 281 2153 l'erg.
301 2085 347 2141 Ge.
366 2084 386 2136 l.
399 2085 464 2140 335:
483 2083 536 2137 hoc
554 2086 675 2137 metuens
695 2082 762 2136 caeli
782 2099 887 2136 menses
906 2085 934 2136 et
952 2083 1041 2137 sidera
1059 2100 1144 2148 serra,

486 2169 585 2240 frigida
603 2169 712 2224 Saturni
731 2185 791 2223 sese
809 2185 863 2240 quo
883 2169 962 2224 stella
980 2173 1106 2240 receptet.
1205 2194 1207 2201 ⁴

322 2255 401 2327 Prop.
420 2256 467 2312 84:
487 2260 514 2310 et
532 2273 613 2326 grave
632 2256 741 2311 Saturni
761 2256 837 2310 sidus
856 2256 883 2309 in
901 2272 979 2311 omne
997 2260 1088 2328 caput.

205 2377 280 2448 l'crg.
300 2376 348 2433 Ge.
368 2376 387 2431 l.
401 2377 464 2431 239:
484 2377 612 2446 obliquus
631 2392 733 2447 quase
752 2377 890 2447 signorum
907 2381 1023 2432 verteret
1041 2379 1117 2433 ordo.

322 2463 401 2535 Prop.
419 2463 466 2517 82:
485 2462 612 2533 obliquae
631 2464 709 2533 signa
727 2464 826 2518 iterata
843 2466 927 2518 rotae.

123 2585 199 2655 Verg.
219 2586 267 2639 Ge.
285 2585 317 2638 ll.
330 2585 394 2641 477:
412 2584 535 2654 caelique
553 2585 611 2639 vias
630 2588 657 2638 et
676 2585 765 2639 sidera
784 2589 943 2642 monstrent.

238 2671 316 2741 Prop.
336 2672 399 2727 tot:
418 2670 594 2741 adspicienda
612 2671 657 2724 via
674 2674 717 2725 est
734 2671 802 2725 caeli
820 2687 953 2742 verusque
971 2688 1018 2742 per
1036 2675 1111 2727 astra

420 2760 527 2812 trames.

83 2916 91 2929 .
169 2881 245 2951 l'erg.
264 2882 330 2934 hen.
349 2879 380 2934 X.
402 2879 465 2934 102:
485 2882 513 2934 et
530 2879 689 2933 tremefacta
707 2879 766 2933 solo
785 2877 875 2944 tellas,
893 2878 956 2933 silet
974 2877 1075 2932 arduus
1094 2878 1195 2935 aether.

304 2966 383 3038 Prop.
403 2967 466 3020 1492
486 2966 527 3020 vel
545 2965 705 3021 tremefacta
722 2982 789 3020 cavo
808 2964 890 3019 tellus
908 2964 1021 3018 diducat
1038 2964 1151 3022 hiatum.

209 3087 306 3144 Tibull.
324 3088 357 3145 ll.
377 3090 401 3154 1,
419 3089 468 3144 26:
488 3087 623 3158 significet
641 3087 763 3159 placidos
783 3086 878 3139 nuntia
896 3085 964 3141 fibra
983 3085 1057 3142 deos.

305 3173 384 3245 Prop.
403 3176 465 3229 104:
485 3177 534 3228 aut
553 3175 604 3229 sibi
626 3173 784 3228 commissos
803 3172 871 3227 libra
889 3171 982 3226 locuta
1000 3171 1074 3228 deos.

223 3293 320 3350 Tibull.
338 3295 358 3351 l.
377 3297 401 3359 7,
420 3297 466 3350 22:
486 3295 582 3350 fertilis
602 3295 706 3349 aestiva
724 3294 801 3349 Nilus
823 3293 942 3349 abundet
960 3310 1040 3363 aqua.

307 3380 385 3451 Prop.
405 3383 467 3438 124:
488 3383 515 3435 et
533 3380 609 3435 lacus
628 3381 739 3434 aestivis
758 3381 862 3449 intepet
879 3378 978 3433 Umber
996 3379 1083 3449 aquis.

204 3498 281 3558 ridde
297 3502 403 3556 Horatii

255 3628 282 3679 c.
302 3625 346 3679 lv.
365 3626 406 3691 11,
424 3625 470 3678 26:
489 3627 516 3677 et
535 3624 686 3695 exemplum
705 3639 785 3692 grave
803 3622 915 3692 praebet
933 3619 997 3677 ales·

306 3711 385 3782 Prop.
405 3711 468 3778 1093
489 3710 640 3782 exemplum
658 3725 739 3779 grave
758 3709 808 3762 erit
827 3708 951 3764 Calchas.

153 3834 181 3889 C.
202 3833 247 3887 lll.
260 3833 302 3897 23,
322 3834 369 3889 12:
389 3832 504 3886 Victirno
524 3832 680 3902 pontificum
699 3847 806 3886 secures
824 3829 927 3884 cervice
945 3829 1038 3898 tinget.

224 3919 302 3988 Prop.
323 3922 384 3976 111:
404 3920 474 3973 idem
493 3919 720 3988 Agamemnoniae
738 3919 836 3972 ferrum
856 3917 959 3970 cervice
978 3913 1083 3986 puellae

354 4037 364 4057 ,ι
400 4005 489 4062 tinxit.

567 4113 771 4124 ---—-—--
