2812 4688
611 320 823 390 ..12-

153 520 265 597 poetas
288 512 321 576 in
347 530 455 576 amore
479 510 672 576 celebrando
689 511 749 576 sibi
764 510 939 577 imitandos
959 515 1171 598 proposuerit,
1188 512 1292 580 Calli-

151 615 264 680 macho
288 614 457 694 Philotam,
492 631 586 696 qrrem
610 621 742 698 poetam
770 617 915 680 carmina
938 617 1097 681 amatoria
1120 619 1289 702 scripsisse

150 736 253 800 eaque
277 717 407 783 Bittidis
430 719 496 783 sive
519 716 658 783 Battidis
680 720 808 782 nomine
825 718 866 783 ab
883 739 919 782 eo
937 726 1065 784 amatae
1083 722 1289 788 coniunxisse

150 860 192 868 -
226 822 382 907 exemplis
419 843 511 886 usum
545 821 726 887 Mimnermi
760 820 908 903 NannuS,
948 823 1132 888 Antimachi
1170 824 1287 909 LydeS,

150 926 424 991 llermesianactis
446 925 571 990 Leontii
595 962 637 969 —
665 932 835 1010 acceptum
862 925 1032 1007 hahemus,
1061 948 1187 1013 semper
1221 929 1287 994 fere

150 1030 326 1111 subiungit,
351 1027 436 1110 qarod
458 1029 565 1094 facere
588 1050 651 1092 nrm
676 1031 793 1115 potuit,
817 1031 878 1094 nisi
909 1031 956 1094 his
980 1033 1078 1095 ctiam
1107 1033 1286 1097 carminum

112 1147 114 1151 ·
150 1155 249 1209 senus
273 1152 441 1198 commune
469 1133 589 1197 hrisset.
635 1133 757 1197 Eodem
786 1118 924 1217 pertinet
958 1134 1043 1215 quod
1071 1135 1287 1211 Quintilianus

151 1237 272 1301 iudicat
292 1236 331 1302 X.
350 1233 437 1318 1,58:
469 1235 571 1316 ,Tunc
596 1244 627 1302 et
644 1237 780 1318 elegiam
804 1237 933 1301 vacabit
957 1239 988 1300 iu
1014 1259 1127 1302 manus
1151 1260 1286 1321 sumere,

150 1342 239 1404 errius
273 1343 423 1425 princeps
461 1341 598 1405 habetur
625 1340 857 1421 Callimachus,
893 1340 1049 1406 secundas
1085 1343 1284 1407 confessione

150 1444 359 1527 plurimorum
382 1443 525 1508 Philetas
549 1444 752 1528 occuparitl‘

253 1581 316 1646 Sed
360 1590 395 1646 ut
438 1584 585 1647 omittam
623 1583 704 1647 alias
750 1604 879 1664 causas,
926 1583 1040 1663 ‹prilms
1090 1583 1148 1648 riri
1199 1582 1285 1646 <lecti

150 1684 336 1750 Schneideri
359 1687 544 1771 opinionem
567 1686 815 1768 labefactarunt,
840 1685 880 1750 de
904 1687 959 1751 illo
983 1694 1109 1751 tantum
1125 1685 1284 1770 Propertii

150 1789 221 1853 loco
256 1791 335 1854 satis
367 1797 483 1854 vexate
522 1791 659 1855 breviter
700 1789 856 1855 disserere
901 1790 978 1854 mihi
1027 1789 1138 1869 liceat,
1189 1805 1284 1869 quem

150 1892 361 1957 Sclmciderus
397 1893 437 1958 ad
467 1915 557 1959 suam
585 1895 779 1958 seutentiam
802 1891 1054 1957 confirmandam
1077 1893 1283 1974 interposuit:

248 2047 303 2112 lll.
321 2047 433 2130 34,31:
458 2049 502 2114 Tu
528 2051 627 2116 latiis
651 2051 814 2135 Meropem
838 2050 935 2115 blesis
958 2048 1081 2112 imitere
1103 2044 1253 2109 Philotan

459 2163 491 2219 et
514 2174 577 2219 non
600 2153 704 2220 inflati
727 2155 853 2219 somnia
875 2150 1075 2231 Callimachi,

154 2306 215 2368 crue
240 2289 423 2374 Propertius
458 2312 529 2356 cum
564 2292 709 2358 Philetas
744 2291 940 2357 carminibus
966 2289 1062 2354 Aetia
1095 2284 1285 2351 Callimachi

154 2393 326 2474 coniungit.
363 2394 420 2459 Hic
437 2403 544 2460 autem
561 2396 650 2460 locus
672 2415 735 2459 non
760 2397 821 2460 nisi
849 2413 1029 2458 econnexu
1056 2389 1286 2456 sententiarum

154 2498 302 2576 cognosci
328 2505 441 2582 potest.
488 2496 597 2582 Neque
631 2501 716 2563 enim
751 2505 848 2584 poeta
881 2496 945 2561 illis
979 2495 1122 2561 versibus
1156 2491 1195 2556 de
1228 2512 1286 2556 sua

151 2600 275 2663 ratione
309 2601 458 2682 loquitur,
492 2601 548 2666 sed
578 2603 740 2688 Lynceum
776 2609 905 2687 poetam
941 2601 1081 2664 amicum
1116 2618 1136 2662 a
1168 2595 1284 2661 severis

151 2701 263 2766 studiis
298 2711 330 2767 et
364 2707 559 2771 carminibus
594 2725 733 2772 avocans
768 2711 885 2785 menet,
920 2724 959 2768 ne
995 2701 1218 2786 philosophiae
1253 2717 1286 2762 se

151 2804 257 2887 dedat,
282 2807 419 2874 Homero
449 2810 585 2892 studeat,
610 2811 805 2894 Aeschylum
832 2808 989 2886 imitetur3
1024 2803 1080 2869 secl
1104 2802 1287 2887 prolaturus

154 2912 304 2994 exernpla
348 2913 475 2979 levioris
526 2916 652 2996 {cerneris
696 2923 728 2980 et
770 2911 931 2976 Philotam
976 2916 1007 2972 et
1051 2904 1287 2970 Callimachum

154 3015 367 3098 commendat,
403 3035 482 3100 quos
517 3021 584 3100 ipse
617 3024 744 3084 secutus
778 3015 918 3081 maxime
947 3011 1062 3093 diligit.
1107 3006 1155 3074 Ne
1180 3015 1287 3073 autem

152 3119 314 3204 Lynceum
339 3123 479 3186 amicum
513 3124 607 3188 nimis
642 3121 786 3204 angustis
820 3117 938 3183 linibus
971 3115 1145 3194 contineat,
1173 3111 1230 3177 sed
1256 3111 1285 3174 ci

150 3224 299 3288 latiorem
336 3243 486 3308 eampum
533 3225 574 3290 ad
612 3228 695 3290 vires
734 3221 931 3289 exercendas
975 3219 1044 3300 det,
1090 3215 1285 3281 carminibus

151 3329 316 3393 amatoriis
333 3327 478 3393 Philetae
495 3349 558 3393 nen
582 3329 668 3394 idem
684 3327 875 3393 Callimachi
900 3327 1079 3390 carminum
1101 3339 1216 3402 genus,
1229 3317 1285 3384 sed

152 3433 276 3495 somnia
307 3433 327 3496 i.
350 3433 490 3496 alletia
517 3433 688 3507 subiungit.
727 3432 814 3508 Quae
848 3431 916 3495 iure
949 3424 1148 3492 nominanda
1178 3429 1285 3501 erant3

151 3554 226 3598 nam
240 3536 392 3615 quoniam
405 3536 517 3600 eadem
535 3537 658 3600 inclusa
670 3544 744 3600 sunt
760 3535 904 3616 angustis
916 3531 1061 3598 terminis
1078 3536 1175 3611 atque
1199 3526 1285 3592 omni
1328 3608 1330 3613 ⁴

150 3638 308 3717 gravitate
332 3647 444 3704 carent
473 3676 510 3684 -
539 3661 611 3704 cum
634 3641 762 3703 omnino
786 3636 1005 3703 Callimachus
1043 3633 1229 3700 abhorreret
1267 3650 1286 3694 a
1328 3666 1330 3741 p

150 3739 347 3821 longioribus
371 3753 402 3807 et
426 3741 545 3809 inflatis
561 3744 767 3824 carminibus,
784 3741 869 3824 qued
885 3743 955 3826 ipse
971 3737 1137 3825 profitetur
1157 3735 1195 3799 fr.
1209 3731 1285 3798 165:
1327 3750 1330 3829 y

151 3843 228 3926 μηδ’
246 3843 305 3909 c'rr'
323 3843 403 3927 ἐμεῦ
419 3847 536 3930 clepere
551 3849 632 3929 μέγα
642 3848 840 3932 ψοφὲουσαν
855 3840 1027 3930 αόιδήν-
1040 3840 1202 3906 contraria
1214 3844 1288 3904 sunt

151 3952 285 4014 carmini
310 3950 436 4014 heroico
465 3952 593 4017 Homeri
618 3960 650 4016 et
678 3952 766 4033 graui
791 3947 942 4033 Aeschyli
972 3946 1135 4012 cothurno.
1175 3940 1286 4023 Neque

151 4072 225 4117 rere
248 4052 345 4118 hetia
378 4054 579 4121 abhorruisse
614 4055 774 4121 at'abulis
809 4052 984 4132 arcatoriis,
1023 4047 1165 4114 carnrine
1202 4045 1285 4127 qued
