2812 4688
557 315 767 384 „53-

94 506 185 573 critob
200 506 237 572 τά
252 506 392 591 τρόπαια
408 510 572 591 φέροντες.
594 503 757 589 Ῥωμύλον
773 503 862 573 δὀάκ
875 505 988 591 ὀρθάς
1003 522 1107 593 φησιν
1119 502 1239 591 ἅρματι

94 610 286 698 χρησασθαι
308 607 493 684 Διονύσιος.
528 611 607 676 Gum
623 610 830 676 Plutarchum
853 611 1001 677 omnibus
1023 611 1091 677 fore
1105 610 1237 676 Romuli

94 719 180 781 vitae
203 716 281 781 locis
305 715 346 781 ad
369 715 548 780 Varronem
571 716 745 781 accessisse
768 722 890 781 certum
913 716 964 797 sit,
987 714 1170 785 Varronem
1195 708 1235 780 de¹

95 841 134 885 ea
158 842 192 885 re
216 826 272 884 aut
294 819 374 885 nihil
399 827 455 884 aut
477 821 674 885 contrarium
690 840 729 884 ac
744 819 937 905 Dionysium
959 817 1134 885 tradidisse
1153 820 1237 885 veri·

95 925 199 989 simile
223 931 285 1004 est3
310 924 405 989 aliter
427 923 618 989 Plutarchus
640 923 700 989 tali
723 922 921 988 confidentia
940 922 1095 1008 Dionysio
1119 943 1237 1010 repug-

95 1049 172 1093 nare
195 1046 259 1092 nou
283 1029 396 1112 potuit.
443 1027 521 1093 Mihi
550 1026 677 1110 quidem
702 1033 734 1092 et
756 1025 958 1112 Propertium
987 1033 1019 1092 et
1042 1026 1237 1112 Dionysium

94 1131 248 1197 Varronis
276 1133 437 1196 sententia
465 1139 574 1216 spreta
602 1130 642 1196 de
670 1131 729 1196 illa
755 1152 790 1196 rc
819 1150 1020 1196 communem
1047 1132 1238 1216 opinionem

95 1241 222 1300 secutos
245 1255 314 1300 esse
341 1243 463 1300 certum
485 1234 620 1301 videtur.

198 1338 248 1403 Ex
271 1361 381 1404 earum
397 1339 524 1404 urbium
547 1356 689 1420 numero,
714 1338 902 1422 quibuscum
918 1340 1150 1422 antiquissimis
1171 1339 1238 1405 Ro-

95 1444 200 1508 manis
224 1443 432 1528 pugnandum
459 1450 537 1525 erat,
562 1462 625 1507 non
653 1444 722 1507 sine
746 1442 879 1508 consilio
907 1441 1022 1508 laudat
1050 1450 1149 1528 poeta
1174 1443 1239 1509 Bo-

94 1546 200 1629 villas,
223 1546 353 1630 Gabios,
376 1546 506 1628 Albam,
532 1545 688 1612 Fidenas:

181 1648 232 1716 33.
262 1653 380 1736 quippe
404 1651 609 1716 suburbanae
632 1670 734 1735 parva
756 1651 881 1716 eminus
903 1652 981 1716 urbe
1002 1651 1159 1734 Bouillae,

267 1762 309 1837 et,
332 1756 385 1838 qui
408 1775 494 1819 nunc
517 1755 607 1833 nulli,
631 1755 775 1819 maxima
797 1754 893 1819 turba
916 1753 1011 1837 Gabi,

265 1867 296 1924 et
319 1860 409 1925 stetit
431 1859 518 1925 Alba
540 1866 664 1944 potens,
689 1858 784 1924 albae
807 1860 872 1924 suis
895 1860 1002 1923 omine
1025 1865 1115 1942 nata,

266 1962 337 2045 hac,
360 1963 415 2028 ubi
438 1963 579 2028 Fidenas
601 1962 697 2044 longe
720 1964 858 2028 erat·ire
881 1965 959 2028 vias.

96 2087 173 2130 nam
201 2087 273 2131 cum
301 2085 411 2133 omues
437 2068 581 2153 pristinis
608 2066 806 2152 temporibus
828 2067 951 2132 Romae
984 2068 1236 2152 praestitissent,

96 2190 207 2235 earum
229 2170 399 2236 iufirmitas
422 2178 453 2237 et
477 2171 640 2236 humilitas
656 2171 791 2252 Augusti
815 2177 922 2237 aetate
944 2173 1010 2236 iam
1031 2191 1136 2257 paene
1159 2190 1237 2257 pro·

97 2274 204 2338 verbio
238 2273 437 2341 eludebatur.
499 2274 610 2358 ltaque
642 2274 793 2340 Horatius
826 2274 930 2360 Epist.
952 2274 975 2340 l.
998 2273 1053 2358 11,
1078 2273 1113 2340 7:
1150 2275 1239 2357 „Scis

96 2377 242 2444 Lebedus
265 2377 341 2461 quid
365 2381 418 2444 sit:
447 2378 560 2444 Gabiis
576 2377 731 2444 desertior
755 2385 849 2462 atque
872 2377 1005 2444 Fidenis
1028 2380 1143 2445 vicus“.
1185 2378 1268 2445 Ad=

96 2481 228 2546 uerbum
250 2483 316 2547 fere
341 2504 413 2547 eum
436 2482 595 2569 Propertii
618 2504 724 2549 versu:

273 2594 332 2668 „et,
355 2588 408 2670 qui
431 2608 517 2651 nunc
539 2588 634 2668 nulli,
658 2589 802 2652 maxima
826 2587 920 2652 turba
943 2587 1044 2652 Gabi«

97 2691 282 2774 conspirare
309 2690 435 2755 videtur
457 2690 628 2776 Dionysius
652 2690 705 2757 IV.
723 2689 778 2755 53:
808 2688 915 2765 Πόλις
936 2673 980 2778 ἦν
1002 2690 1060 2755 τοῦ
1082 2690 1240 2754 Λατίνων

95 2795 207 2875 γένους
223 2843 331 2861 .....
347 2796 407 2859 νῦν
435 2791 497 2877 μὲν
525 2793 633 2860 ου’κὲτι
657 2797 890 2879 συνοικουμένη
920 2796 1027 2877 πάσα,
1055 2791 1145 2879 πλην
1172 2790 1242 2860 ὅσα

95 2898 178 2982 μέρη
204 2896 443 2963 πανδοκεύεται
461 2896 541 2963 κατά
562 2886 621 2984 τήν
645 2895 739 2964 ὁδόν·
762 2895 834 2963 τότε
859 2894 895 2963 δὲ
918 2895 1242 2981 πολυάνθρωπος

96 3001 160 3077 καί,
185 3001 274 3076 εἴτις
290 2998 388 3088 άλλη,
409 3000 567 3087 μεγάλη.
602 3003 756 3068 Similiter
771 3002 899 3067 disserit
915 3001 955 3067 do
971 3000 1104 3067 Fidenis
1120 2999 1161 3066 ll.
1179 2998 1239 3069 53:

91 3104 166 3167 Ἐπὶ
188 3104 247 3193 την
265 3107 453 3192 Φιδηναίων
477 3103 670 3190 ἐστράτευσε
685 3103 796 3188 πόλιν,
820 3094 894 3171 άπά
913 3104 1142 3189 τετταράκοντα
1166 3120 1242 3169 στοι-

97 3208 175 3273 δίων
196 3211 254 3297 τῆς
272 3206 397 3294 Ῥάμης
418 3212 584 3296 κειμένην,
612 3206 757 3295 μεγάλην
779 3231 813 3274 τε
839 3208 894 3273 καὶ
917 3206 1242 3292 πολυάνθρωπον

97 3294 201 3378 οὖσαν
223 3311 318 3380 τότε.

203 3417 308 3501 Atque
325 3418 443 3483 Albam
468 3419 562 3484 albae
586 3420 651 3484 suis
674 3420 780 3483 omine
801 3427 914 3484 natam
938 3438 1017 3500 esse,
1041 3438 1080 3483 ex
1096 3415 1242 3499 Vergilio

105 3520 289 3606 Propertius
313 3522 435 3588 discere
460 3529 599 3608 poterat:

119 3641 175 3706 lll.
195 3642 269 3710 389.
299 3665 371 3709 cum
395 3644 455 3709 tibi
478 3645 614 3710 sollicito
639 3646 753 3710 secreti
777 3644 819 3709 ad
842 3643 982 3709 fluminis
1005 3642 1125 3708 undam

297 3749 419 3813 litoreis
442 3750 557 3831 ingens
581 3750 714 3813 inuenta
736 3748 794 3814 sub
818 3748 946 3814 ilicibus
970 3766 1023 3812 sus

294 3853 428 3932 triginta
451 3855 595 3939 capitum
618 3854 700 3918 fetus
724 3855 822 3918 enixa
844 3852 975 3933 iacebit,

296 3955 382 4037 alba,
406 3957 473 4020 solo
497 3957 666 4038 recubans,
690 3957 758 4021 albi
783 3958 903 4021 circum
926 3956 1026 4020 ubera
1051 3954 1130 4034 uati,

296 4061 322 4124 is
339 4059 427 4123 locus
443 4060 531 4126 urbis
547 4063 617 4142 erit,
640 4062 765 4146 requies
781 4080 821 4125 ea
838 4066 927 4125 certa
947 4058 1104 4124 laborum.
