2812 4688
559 317 774 386 -54-

281 530 391 576 annua
414 516 448 575 at
470 527 607 575 accenso
630 508 795 576 celebrare
817 508 937 576 Palilia
958 509 1065 594 faeno,

275 613 387 698 qualia
410 634 496 679 nunc
519 621 608 679 curto
631 613 733 681 lustra
755 621 915 682 novantur
937 632 1028 698 equo.
1039 612 1063 695 ¹)

99 717 152 785 Ad
175 719 261 784 hanc
284 719 476 784 sententiam
501 716 643 783 adducor
665 719 764 783 etiam
786 719 842 800 eis,
869 738 950 802 quae
973 716 1108 784 Paullus
1129 738 1163 804 p.
1181 715 1243 784 178

99 823 243 889 exhibet:
273 821 428 902 „October
454 841 553 905 equus
581 820 810 907 appellabatur
837 823 889 906 qui
919 823 952 886 in
981 840 1098 908 campo
1121 821 1240 888 Martio

96 946 205 992 mense
228 925 359 991 Octobri
382 924 479 991 Marti
506 924 759 991 immolabatur.
777 977 784 992 .
802 927 892 992 cuius
920 924 1026 991 cauda
1052 932 1089 991 ut
1122 946 1166 992 ex
1201 946 1241 993 ea

97 1031 227 1112 sanguis
254 1031 287 1093 iu
314 1029 421 1093 focum
444 1026 638 1111 destillaret,
673 1049 791 1111 magna
819 1029 986 1095 celeritate
1013 1029 1240 1115 perferebatur

95 1137 129 1199 in
145 1133 293 1216 regiam«.
329 1131 419 1210 Quod
442 1138 551 1197 autem
574 1151 612 1196 ex
629 1131 789 1218 Propertii
804 1134 950 1199 oratione
966 1133 1083 1216 elucet,
1109 1132 1244 1200 demum

98 1239 273 1324 posteriore
297 1242 404 1303 aetate
427 1236 617 1316 sanguinem
640 1237 712 1319 equi
734 1235 881 1302 Octobris
903 1235 1063 1303 Palilibus
1094 1235 1245 1304 adhiberi

98 1349 247 1427 coeptum
262 1360 342 1421 esse,
358 1360 435 1404 num
451 1359 490 1404 ex
507 1345 594 1405 certo
611 1339 698 1404 fonte
714 1339 866 1423 hauserit,
882 1338 1028 1406 indicare
1043 1359 1108 1406 non
1123 1340 1243 1409 habeo.

202 1444 377 1529 Aptissima
401 1442 564 1524 subiungit
586 1449 683 1528 poeta
705 1441 837 1508 Octobri
860 1462 940 1528 equo
962 1442 1084 1511 Vestae
1108 1464 1221 1512 sacra:

222 1545 273 1612 21.
305 1546 423 1628 ,Vesta
445 1548 606 1613 coronatis
628 1567 753 1633 pauper
774 1546 939 1629 gaudebat
961 1547 1081 1631 asellis,
1089 1547 1117 1633 ²)

305 1650 468 1717 ducebant
489 1670 618 1717 macrae
640 1650 719 1716 vilia
740 1670 835 1716 sacra
858 1651 981 1719 boves“.

96 1778 173 1823 nam
196 1762 230 1821 ut
252 1754 361 1837 Idibus
384 1753 575 1820 Octobribus
599 1773 697 1838 equus
720 1760 882 1820 mactatus
906 1754 1132 1838 coronabatur,
1142 1753 1170 1840 ³)
1193 1757 1244 1823 ita

96 1860 282 1927 Vestalibus
298 1858 401 1941 aselli,
425 1859 582 1944 pistorum
598 1859 752 1941 iumenta,
776 1858 924 1944 panibus,
948 1857 1068 1925 Vestae
1091 1859 1161 1942 igni
1185 1858 1243 1927 de-

97 1966 187 2047 bitis,
214 1963 477 2029 redimiebantur.
523 1961 587 2028 Sed
610 1983 682 2028 cum
711 1970 840 2049 praeter
866 1962 984 2029 asellos
1013 1963 1110 2029 boum
1140 1964 1246 2030 faciat

95 2069 303 2149 mentionem,
327 2067 487 2132 consentit
503 2086 575 2130 cum
590 2064 697 2131 Paulli
705 2063 732 2148 ³)
755 2066 871 2149 verbis,
895 2087 976 2150 quae
999 2065 1042 2133 ad
1057 2065 1243 2134 Varronem

99 2193 156 2258 per
171 2170 319 2237 Verrium
334 2169 489 2236 Flaccum
513 2168 617 2235 redire
638 2168 789 2235 videntur
811 2171 886 2251 ,bos
909 2170 1054 2254 frugibus
1075 2171 1246 2257 pariendis

100 2286 148 2342 est
171 2276 292 2360 aptus‘.

204 2379 292 2456 Quae
316 2376 356 2442 de
372 2375 640 2463 Compitalibus4)
662 2384 760 2461 poeta
783 2376 871 2460 dicit,
895 2397 960 2443 non
983 2380 1032 2444 ita
1052 2387 1247 2466 comparata

101 2490 188 2565 sunt,
216 2489 251 2547 ut
274 2481 316 2548 ad
339 2488 462 2547 certum
490 2488 653 2547 auctorem
678 2482 789 2548 referri
817 2483 951 2567 possint.
996 2481 1060 2548 Sed
1087 2483 1150 2548 boc
1178 2502 1247 2548 non

100 2585 369 2673 praetereundum
384 2585 519 2666 videtur,
542 2585 743 2671 Propertium
758 2584 793 2651 id
808 2592 968 2669 agentem,
991 2593 1028 2653 ut
1046 2589 1247 2654 tenuitatem

102 2709 265 2757 sacrorum
285 2696 428 2773 exponat
442 2688 578 2773 ideoque
593 2697 719 2756 tantum
743 2689 870 2771 singula
892 2689 1001 2773 eligat,
1025 2710 1046 2756 a
1067 2711 1146 2757 vera
1169 2692 1247 2759 festi

106 2900 309 2910 —-—

207 3036 230 3103 1)
250 3033 284 3091 cf.
297 3033 373 3088 Ovid.
387 3031 461 3088 Past.
474 3029 518 3086 IV.
532 3029 595 3087 731:

344 3120 362 3185 i,
381 3121 444 3189 pete
461 3117 589 3188 virginea,
608 3117 735 3187 populus,
754 3117 878 3172 suffimen
896 3118 931 3173 ab
950 3134 1011 3172 ara:

346 3205 430 3260 Vesta
448 3205 537 3260 dabit:
556 3203 655 3258 Vestae
673 3220 781 3259 munere
799 3221 883 3274 purus
901 3205 962 3260 eris.

347 3293 458 3361 sanguis
477 3292 539 3362 equi
557 3291 681 3345 suffimen
699 3291 750 3345 erit
767 3289 900 3361 vitulique
917 3289 1019 3348 favilla.

210 3380 234 3450 2)
252 3379 286 3432 cf.
300 3378 376 3433 Ovid.
389 3379 463 3433 Fast.
478 3378 521 3432 VI.
534 3379 598 3434 311:

350 3480 412 3519 ecce
430 3465 567 3519 coronatis
585 3464 664 3533 panis
683 3464 818 3533 dependet
834 3463 935 3531 asellis,

349 3554 377 3606 et
395 3551 486 3605 velant
504 3551 615 3605 scabras
633 3550 730 3604 florida
748 3553 822 3605 serta
839 3551 933 3606 molas.

212 3637 234 3704 ³)
254 3637 287 3691 cf.
300 3637 411 3692 Paullus
424 3655 450 3707 p.
463 3637 528 3691 220:
547 3636 665 3692 Panibus
684 3636 847 3692 redimibant
864 3640 948 3707 caput
966 3638 1028 3708 equi
1044 3626 1177 3691 immolati
1196 3626 1251 3682 ldi-

110 3726 160 3779 bns
180 3723 350 3790 Octobribus,
378 3725 405 3778 in
424 3740 520 3793 campo
541 3722 637 3776 Martio
665 3724 729 3794 quia
746 3723 774 3777 id
793 3723 953 3778 sacrificium
980 3723 1062 3778 fiebat
1084 3723 1119 3778 ob
1138 3723 1253 3795 frugum

111 3812 248 3873 eventum
271 3814 298 3863 et
321 3826 407 3879 equus
425 3811 517 3880 potius
537 3826 618 3880 quam
636 3811 685 3865 bos
708 3810 906 3876 immolabatur,
930 3809 1004 3881 quod
1026 3809 1070 3864 hic
1088 3809 1175 3878 bello,
1197 3812 1252 3869 bos

111 3896 234 3965 frugibus
253 3896 389 3966 pariendis
408 3899 450 3952 est
468 3900 557 3966 aptus

214 3984 239 4053 4)
258 3982 291 4036 cf.
305 3982 390 4037 Varro
404 3983 437 4036 de
450 3983 466 4039 l,
479 3983 496 4040 l.
509 3982 553 4039 Vl.
567 3985 613 4040 25:
633 3983 796 4052 Oompitalla
808 3982 865 4036 dies
879 3983 1027 4038 attributus
1039 3981 1155 4038 Laribus
1168 3984 1251 4042 Gom-

112 4069 243 4139 pitalibus
262 4069 322 4122 ideo
342 4068 387 4149 ubi
406 4069 466 4122 viae
485 4070 649 4138 competunt,
668 4070 726 4122 tum
743 4070 771 4122 in
790 4068 920 4138 competis
939 4068 1115 4125 sacrificatur.
1277 4137 1303 4167 Ἣ
