2812 4688
602 313 817 385 „30-

146 513 278 591 scimus3
312 531 414 594 neque
442 508 713 597 praetereundum
739 516 801 591 est,
838 509 897 574 lioe
925 496 1107 577 fabularum
1136 536 1278 598 genusa
1324 548 1326 571 =

146 618 251 701 poetis
274 634 397 681 suruuno
420 612 525 679 studio
549 613 681 679 tractari
693 612 725 695 ¹).

249 719 403 785 Attamen
437 717 476 782 (le
503 717 640 803 Tarpeia
674 716 771 782 talem
807 716 951 782 fabulam
980 725 1055 784 ante
1079 720 1281 809 Propertium

146 845 210 890 non
226 825 386 889 exstitisse
403 843 501 908 supra
516 821 747 900 demonstraui3
777 819 819 886 acl
835 823 1020 906 posterioris
1043 826 1109 890 sire
1134 826 1280 893 eiusdem

147 931 263 995 aetatis
286 929 475 1013 scriptorem
498 923 659 1010 quendam
675 923 832 1010 Propertii
849 927 990 991 narratio
1005 927 1141 995 fortasse
1165 933 1281 1014 valuit3

147 1054 185 1096 ex
210 1031 381 1097 Plutarcho
405 1031 489 1096 euim
513 1029 674 1110 discimus,
698 1027 888 1113 Simylum²)
912 1033 1129 1098 narrationem
1153 1047 1282 1102 contur-

148 1138 257 1202 batam
281 1135 321 1199 rle
344 1133 482 1220 Tarpeia
504 1135 696 1215 instituisse,
724 1153 787 1215 qua
813 1132 972 1218 Propertii
1000 1138 1186 1223 exemplum
1211 1161 1283 1206 eum

146 1242 207 1306 silui
241 1240 443 1326 proposuisse
478 1237 649 1303 uerisimile
684 1245 741 1302 est.
803 1237 901 1302 Recto
936 1237 1056 1305 iudicat
1089 1239 1284 1310 Plutarchus

147 1344 251 1426 (lions.
269 1365 296 1408 v.
313 1341 415 1408 XVll.
432 1341 467 1424 5)
493 1337 636 1424 Σιμύλος
659 1339 710 1406 δ’ὁ
733 1339 875 1427 ποιητής
896 1340 951 1405 καὶ
974 1340 1162 1408 παντάπασι
1189 1347 1288 1434 ληρεῖ

145 1446 191 1535 μή
215 1447 368 1530 Σαβίνοις
391 1442 552 1527 οἰόμενος,
576 1442 659 1509 stulu
676 1443 809 1518 Κελτοῖς
830 1443 890 1530 τήν
909 1445 1083 1532 Ταραηΐειν
1098 1451 1286 1532 προδοῦναι

146 1550 180 1616 τό
209 1546 416 1614 Καπιτώλιον
445 1545 645 1632 ἐρασθεῖσαν
674 1545 779 1613 αὐτῶν
806 1549 863 1612 τοῦ
889 1549 1058 1632 βασιλέως.
1114 1555 1218 1636 Λέγει
1248 1553 1285 1621 δὲ

146 1654 257 1718 ταῦται

289 1757 331 1820 Ἡ
352 1755 483 1838 δἀγχοῦ
507 1753 659 1841 Τάρπεια
683 1754 785 1840 παραὶ
807 1754 1015 1823 Καπιτώλιον
1037 1747 1137 1835 αῗττος

291 1862 428 1926 ναίουσα
446 1857 572 1946 Ῥώμης
595 1856 714 1925 ἔτ’τλετο
736 1861 921 1942 τειχολὲτις,

295 1965 428 2029 Κελτῶν
450 1961 476 2050 ἤ
498 1966 657 2050 στέρξασα
679 1961 822 2050 γαμήλια
844 1965 958 2050 λε’κτρα
979 1968 1138 2049 γενέσθαι

295 2064 490 2156 σκηπτούχῳ
512 2071 661 2154 πατέρων
684 2065 743 2136 οὐκ
767 2065 913 2152 ἐφύλαξε
937 2069 1069 2153 δόμους.

148 2172 209 2236 Καὶ
231 2177 300 2257 μετ’
323 2171 414 2255 ὀλίγα
436 2171 515 2257 περὶ
537 2175 595 2261 τῆς
616 2174 782 2262 τελεοτῆςε

278 2275 351 2364 Τήν
374 2270 505 2362 δὀὕτᾶρ
527 2276 626 2342 Boioi
646 2299 680 2342 τε
702 2277 756 2342 καὶ
780 2275 883 2344 ἔθνεα
904 2279 1004 2363 μυρία
1026 2281 1155 2346 Κελτῶν

276 2380 457 2468 χηράμενοτ
480 2383 622 2468 ῥείθρων
647 2379 738 2456 oete
761 2375 879 2448 ἔθεντο
903 2381 1029 2448 Πάδον.

276 2483 366 2550 ὅπλα
390 2483 702 2572 δ’ἐαιαροβαλόντες
724 2485 928 2570 α’ρειμανέωι·
950 2486 1018 2554 α’ττό
1033 2488 1148 2572 χειροῖν

275 2587 374 2677 κούρῃ
401 2587 459 2654 ἐπὶ
482 2591 618 2677 στυγερῇ
638 2589 764 2673 κόσμοι·
788 2588 906 2656 ἔθεντο
930 2572 1066 2676 porcos

250 2694 338 2760 llaec
366 2702 454 2778 suut,
488 2716 569 2779 quae
598 2694 735 2760 habeam
763 2695 802 2759 ile
830 2696 952 2777 origine
980 2704 1012 2761 et
1035 2699 1157 2763 ratione
1180 2699 1282 2785 ipsius

148 2797 292 2863 fabulae:
316 2800 411 2864 verrio
434 2820 518 2864 nuno
542 2799 585 2864 ad
608 2800 736 2882 singula
760 2799 989 2884 persequenda.
1050 2801 1119 2879 Qua
1140 2803 1174 2868 in
1197 2823 1232 2868 re
1247 2803 1282 2868 ul

148 2905 287 2968 riraxime
311 2906 460 2983 cognosci
489 2910 609 2989 potest,
644 2903 846 2990 Propertium
873 2926 913 2969 ex
941 2904 1075 2986 vulgata
1103 2906 1215 2972 fabula
1242 2928 1282 2973 ea

148 3006 282 3089 elogisse
299 3028 338 3073 ac
353 3009 531 3089 retinuisse,
555 3029 637 3092 quae
660 3029 733 3074 enm
749 3028 808 3074 sua
822 3011 947 3075 ratione
962 3012 1190 3076 consentirent.
1231 3009 1282 3077 lta

148 3110 191 3175 ad
214 3131 306 3177 usum
328 3132 420 3177 suum
443 3114 608 3194 convertit,
632 3112 716 3196 quod
732 3111 870 3198 Tarpeia
885 3113 1003 3179 Vestae
1027 3113 1108 3180 deae
1131 3115 1282 3182 sacerdos

146 3215 244 3281 fuisse
267 3217 441 3282 memoriae
463 3215 661 3284 tradebatur.
707 3216 809 3283 liuius
836 3219 882 3282 rei
911 3236 974 3282 non
1001 3237 1111 3284 omnes
1134 3227 1282 3287 auctores

147 3321 343 3385 mentionem
369 3321 501 3386 faciunt.
547 3320 652 3405 Atque
681 3329 779 3408 poeta
806 3322 868 3388 hac
895 3343 928 3388 re
957 3320 1000 3388 all
1026 3321 1205 3388 Varronem
1234 3344 1282 3389 re-

147 3425 290 3508 spexisse
318 3423 457 3507 uidetur,
486 3427 540 3508 qui
567 3423 738 3511 Tarpeium
766 3432 908 3492 montem
937 3447 957 3491 a
983 3426 1106 3508 virgine
1129 3426 1282 3493 Vestali

146 3523 285 3611 Tarpeia
318 3527 438 3594 «lictum
466 3549 535 3595 esse
563 3531 705 3616 scripsit,
739 3537 774 3595 ut
807 3531 873 3596 iam
905 3551 1004 3618 snpra
1031 3527 1134 3596 docui.
1179 3530 1283 3608 Quarti

147 3627 300 3696 Varronis
323 3634 517 3698 senteutiam
540 3654 580 3698 ex
603 3634 765 3699 communi
788 3634 828 3699 de
852 3636 974 3718 virgine
997 3634 1148 3720 opinione
1164 3633 1282 3699 redun-

249 3834 271 3904 1)
290 3834 380 3890 Etiam
399 3851 431 3889 ex
450 3839 551 3893 nostris
571 3837 719 3892 litterarum
738 3839 918 3893 monumentis
931 3838 1047 3908 exerirpli
1058 3854 1144 3893 causa
1162 3839 1285 3907 proferre

146 3936 290 3989 possumus
309 3920 430 3975 Sclrilleri
449 3925 534 3977 uestri
553 3924 685 3979 tabulam:
715 3923 780 3988 „Die
799 3925 932 3994 lungt'rau
952 3942 1003 3980 ron
1023 3925 1161 3984 Orloans.“

249 4008 272 4077 ²)
292 4007 370 4061 lluuc
383 4011 491 4078 [metam
510 4011 650 4080 Augustae
669 4011 777 4065 saeculo
797 4012 841 4065 rix
861 4012 1026 4081 superiorem
1045 4028 1105 4067 esse
1121 4013 1282 4082 suspicatur

145 4092 269 4148 Meineke
286 4093 358 4151 llist.
375 4095 434 4149 crit.
454 4096 547 4156 comio.
566 4099 651 4167 poeti.
670 4096 754 4168 prael.
774 4115 801 4168 p.
820 4095 884 4152 XV.·
