2812 4688
564 1125 761 1243 Pars
797 1125 848 1242 Ι.

625 1403 726 1533 Cap.
756 1405 783 1495 l.

137 1584 211 1670 Quo
239 1583 387 1650 oonsilio
410 1582 618 1663 Propertius
646 1582 800 1748 odrdlma
822 1581 864 1647 de
887 1584 1096 1663 antiquitate
1118 1583 1272 1650 Romana

602 1701 667 1750 con
690 1682 704 1748 i
728 1685 809 1750 erit.

240 1856 315 1922 Post
330 1876 474 1943 pugnam
487 1856 657 1921 Actiacam
667 1855 952 1942 liberarepublica
964 1856 1072 1923 deleta
1087 1877 1151 1924 uon
1167 1860 1270 1926 solum

136 1968 286 2027 naturam
308 1960 450 2025 ciuilium
472 1981 579 2024 rerum
601 1958 658 2023 sed
680 1960 779 2025 etiam
803 1981 875 2024 cum
897 1961 1078 2026 litterarum
1104 1969 1171 2027 tum
1200 1984 1270 2029 car-

133 2066 256 2130 minum
279 2065 507 2130 tractationem
531 2081 659 2148 prorsus
682 2069 841 2129 mutatam
863 2084 933 2129 esso
955 2066 1039 2128 iuter
1061 2084 1171 2132 omnes
1195 2086 1270 2133 cou-

138 2175 213 2233 stat.
257 2168 358 2232 Recto
386 2169 471 2232 enim
500 2165 618 2230 iudicio
649 2166 812 2249 Augustus
846 2187 880 2233 se
914 2170 946 2232 in
981 2167 1203 2235 confirmanda
1238 2180 1271 2237 et

134 2269 369 2357 amplificanda
402 2276 561 2356 potestate
591 2290 611 2335 a
639 2269 735 2335 nullis
762 2269 876 2336 melius
910 2271 1011 2337 iuvari
1044 2290 1138 2357 posse
1172 2294 1268 2357 quam

134 2397 154 2440 a
178 2377 281 2461 poetis
309 2380 520 2455 cognoverat,
547 2392 625 2456 quos
654 2380 689 2438 ut
716 2374 778 2438 sibi
806 2372 995 2456 adiungeret
1027 2383 1059 2439 et
1092 2375 1268 2444 devinciret

132 2479 281 2544 omnibus
304 2478 424 2543 uiribus
447 2479 561 2542 enixus
590 2482 648 2542 est.
694 2475 806 2559 ltaque
836 2482 951 2562 poetae
980 2479 1175 2546 carminibus
1203 2484 1267 2548 suis

133 2582 176 2648 ad
205 2603 297 2648 usuru
326 2582 529 2667 imperatoris
561 2579 729 2646 translatis
756 2586 791 2644 ut
817 2583 902 2646 cives
930 2579 972 2645 ad
1006 2581 1092 2648 illius
1126 2602 1267 2649 amorem

136 2685 358 2770 perducerent,
381 2686 490 2750 omnia
506 2687 574 2749 eius
594 2684 683 2749 facta
704 2682 854 2749 laudibus
876 2686 1035 2770 prosecuti
1059 2694 1133 2752 sunt
1155 2694 1186 2752 et
1208 2690 1267 2753 im-

134 2790 255 2875 perium
281 2791 348 2854 eius
372 2795 649 2870 consecraverunt,
674 2790 721 2852 ita
743 2794 778 2853 ut
800 2787 939 2868 origines
962 2789 1029 2854 eius
1053 2789 1095 2854 ad
1118 2789 1195 2856 deos
1218 2813 1267 2857 re-

133 2895 271 2962 lerentes
287 2892 379 2957 illum
402 2894 467 2957 iam
493 2893 723 2975 antiquissimis
746 2891 944 2976 temporibus
967 2892 1008 2956 ab
1032 2895 1111 2978 ipsis
1133 2893 1202 2960 deis
1225 2895 1267 2959 ad

131 2998 303 3082 imperium
325 2994 521 3062 destinatum
546 3017 584 3061 ac
608 2995 768 3061 delectum
792 3015 860 3061 csse
884 2994 1111 3078 contingerent.

235 3099 315 3165 Cum
344 3106 452 3166 autem
485 3100 545 3164 hoc
573 3098 669 3164 modo
698 3100 792 3164 rebus
820 3099 1043 3185 praesentibus
1075 3104 1267 3187 praeteritas

132 3211 343 3270 annecterent
370 3210 465 3287 atque
495 3202 706 3284 adiungerent
745 3205 922 3287 civiumque
951 3205 1075 3270 animos
1103 3204 1145 3270 ad
1184 3207 1267 3270 auti-

130 3310 289 3392 quitatem
312 3313 543 3389 converterent,
578 3307 677 3372 etiam
699 3308 835 3389 Augusti
863 3327 956 3373 curas
985 3309 1267 3394 persequebantur,

130 3409 163 3474 id
177 3412 314 3493 agentis,
330 3417 366 3475 ut
378 3411 579 3494 antiquomm
593 3430 697 3476 mores
709 3419 741 3477 et
755 3412 922 3498 pristinam
935 3411 1125 3477 modestiam
1141 3414 1174 3477 in
1190 3414 1267 3478 civi-

130 3520 233 3580 tatem
258 3513 388 3579 luxuria
415 3528 599 3599 corruptam
633 3514 813 3595 reduceret3
849 3522 944 3598 atque
971 3515 1038 3580 vita
1065 3515 1267 3601 moribusque

131 3619 337 3701 antiquorum
364 3615 533 3702 descriptis
565 3617 599 3681 id
623 3620 762 3684 unanime
790 3617 976 3699 docuerunt,
1011 3619 1266 3700 magnitudinem

130 3729 164 3786 et
185 3739 265 3807 opes
289 3721 399 3805 populi
421 3721 560 3787 Romani
583 3723 615 3786 iu
640 3724 796 3787 maiorum
818 3723 934 3786 virtute
957 3723 1078 3808 positas
1102 3743 1181 3789 csse.

233 3822 327 3888 Hanc
342 3826 502 3890 rationem
518 3833 614 3910 atque
631 3827 800 3892 consilium
815 3824 849 3891 P.
863 3824 996 3907 Vergilii
1021 3827 1166 3892 carmina
1188 3848 1266 3912 prae

130 3928 308 3994 scierunt:
342 3927 376 3991 in
396 3927 543 3995 Aeneide
573 3931 660 3997 enim
687 3930 860 4015 praecipue
887 3935 1016 4010 gentem
1043 3928 1163 3995 ‚Iuliam
1192 3949 1267 3994 con-

130 4031 262 4115 secrari,
285 4030 375 4097 iacta
390 4040 423 4098 et
438 4052 531 4099 casus
553 4034 665 4119 populi
680 4033 818 4099 Romani
842 4033 962 4099 crebris
984 4032 1267 4099 vaticinationibus

75 4304 183 4360 Ἣ..
