2812 4688
590 319 805 389 „44-

234 515 271 581 ln
295 512 514 581 describendis
536 516 668 600 pugnis,
696 513 810 598 quibus
832 514 938 599 spolia
960 519 1059 599 capta
1085 514 1166 596 sint,
1195 534 1265 581 cum

131 621 249 703 singuli
273 625 418 686 auctores
448 619 533 683 inter
560 638 593 685 se
621 637 686 684 non
714 623 907 701 congruant,
935 617 1138 705 Propertium
1165 618 1268 686 multa

131 746 173 791 ex
199 743 255 792 suo
278 724 407 805 ingenio
431 720 639 805 confinxisse,
674 723 792 809 quippe
819 723 873 806 qui
899 743 1014 789 munus
1040 729 1175 808 poetae,
1204 742 1268 789 non

130 829 273 895 historici
296 830 329 893 in
353 848 387 894 se
404 831 589 915 susceperit,
612 829 744 894 minime
759 826 942 893 mirandum
958 833 1015 895 est.
1051 827 1174 894 Tamen
1188 847 1269 895 non·

131 934 229 999 nullis
252 933 347 1000 rebus
370 954 441 998 eum
466 953 538 998 cum
562 935 677 999 ceteris
706 933 889 999 auctoribus
911 934 978 998 sive
1000 952 1079 999 casu
1102 933 1170 998 sire
1194 950 1272 998 con·

132 1037 202 1104 silio
227 1040 407 1103 consentire
431 1045 577 1123 apparet.
623 1037 674 1103 lta
695 1039 781 1103 enim
803 1036 912 1104 Livius
934 1056 1077 1122 pugnam
1099 1038 1186 1103 inter
1207 1036 1272 1103 Ro·

130 1143 252 1207 mulum
273 1149 304 1208 et
319 1143 463 1208 horonta
482 1150 593 1208 narrat
608 1140 632 1209 l.
650 1139 702 1226 10,
717 1140 751 1207 4:
776 1143 968 1223 „exereitum
985 1139 1092 1208 fundit
1106 1141 1273 1227 fugatque,

131 1248 235 1314 fusum
251 1248 461 1333 persequitur,
484 1267 591 1328 regem
607 1248 641 1311 in
658 1245 780 1333 proelio
798 1246 971 1313 obtruncat
986 1252 1019 1311 et
1034 1245 1165 1333 spoliat,
1190 1244 1274 1313 duce

131 1353 269 1418 hostium
292 1353 397 1417 occiso
421 1351 532 1416 urbem
554 1352 658 1436 primo
681 1353 803 1436 impetu
827 1351 931 1436 capit‘
955 1356 988 1415 ct
1010 1349 1095 1414 bello
1123 1349 1274 1416 confecto

131 1455 301 1521 Romulum
330 1455 402 1521 lovi
430 1455 585 1541 templum
613 1453 781 1521 dedicasse
808 1454 858 1521 his
884 1455 990 1520 verbis
1016 1452 1124 1521 Livius
1157 1461 1277 1521 auctor

132 1568 194 1627 est:
230 1560 397 1646 „luppiter
418 1558 557 1643 Feretri,
592 1559 672 1625 haec
699 1558 757 1624 tibi
784 1560 886 1624 victor
912 1558 1065 1625 Romulus
1092 1578 1151 1624 rex
1181 1559 1276 1642 regia

133 1686 225 1732 arma
256 1666 324 1731 fero
358 1663 575 1750 templumque
609 1664 658 1730 his
685 1663 883 1747 regionibus,
918 1683 996 1748 quas
1029 1660 1125 1728 modo
1160 1664 1275 1730 animo

132 1777 271 1836 metatus
287 1789 366 1851 sum,
391 1767 505 1833 dedico
527 1767 637 1834 sedem
652 1769 768 1854 opimis
791 1766 902 1853 spoliis
925 1788 1007 1851 quac
1029 1767 1159 1850 regibus
1181 1765 1275 1833 duci-

133 1875 254 1958 busque
281 1873 419 1938 hostium
447 1874 550 1939 caesis
584 1893 639 1938 mc
667 1880 863 1938 auctorem
890 1879 1094 1956 sequentes
1123 1872 1273 1959 posteri

132 1979 283 2044 ferent‘.
328 1964 380 2042 hb
404 1977 465 2043 hac
487 1979 650 2043 sententia
677 1977 803 2042 initium
831 1977 928 2042 sumit
955 1974 1188 2042 describendae
1209 1996 1271 2061 pu·

132 2102 216 2164 gnae
238 2088 350 2168 poeta:

176 2185 210 2251 5:
235 2187 375 2252 imbuis
398 2186 613 2272 exemplum
636 2188 783 2272 primae
806 2193 858 2265 tu,
881 2183 1050 2266 Romule,
1073 2184 1229 2270 palmae

236 2290 338 2373 huius,
362 2295 394 2356 et
417 2291 529 2355 exuuio
554 2289 669 2376 plenus
692 2290 734 2357 ab
758 2290 849 2356 hoste
871 2289 967 2370 redis

237 2402 381 2481 tempore
404 2412 465 2479 quo
488 2400 599 2480 portas
621 2394 800 2460 Caeninum
822 2394 966 2460 Acronta
987 2399 1153 2480 petentem

236 2500 338 2564 victor
360 2500 393 2563 in
417 2519 562 2565 eversum
585 2499 719 2586 cuspide
741 2499 848 2566 lundis
871 2519 995 2583 equum.

134 2602 254 2668 Tamen
277 2621 341 2667 non
365 2603 502 2668 audeam
526 2609 677 2686 statuere,
705 2601 872 2690 Propertio
895 2601 988 2668 illam
1015 2603 1210 2669 sententiam
1233 2624 1277 2670 ex

133 2707 223 2774 Livio
251 2706 463 2773 hauriendam
488 2708 600 2789 luisse,
624 2729 696 2773 cum
724 2728 764 2774 ea
789 2710 821 2772 in
849 2709 923 2793 ipsa
945 2727 979 2772 re
1005 2707 1112 2793 posita
1135 2707 1187 2774 sit.
1234 2705 1275 2773 In

135 2812 208 2878 aliis
236 2820 343 2878 autem
371 2812 412 2876 ab
440 2811 496 2877 illo
525 2811 682 2878 dissentit.
731 2811 840 2877 Livius
867 2813 953 2877 enim
980 2811 1100 2876 omittit
1132 2807 1276 2894 tradere,

133 2917 304 2982 Romulum
327 2918 391 2983 iam
416 2923 492 2981 ante
507 2937 651 3002 pugnam
666 2916 738 2983 lovi
755 2915 859 3002 spolia
874 2916 1013 2981 hostium
1029 2914 1121 2981 ducis
1136 2916 1274 2982 vovisse.

134 3020 203 3099 Qua
229 3022 263 3085 in
289 3041 323 3086 ro
351 3022 483 3106 propius
511 3020 638 3086 accedit
666 3019 707 3086 ad
730 3019 941 3086 Plutarchum
966 3019 1052 3085 hunc
1078 3019 1113 3084 in
1139 3018 1276 3086 modum

134 3145 277 3211 pugnam
311 3131 526 3210 exponentem
559 3123 650 3190 Rom.
674 3122 846 3206 v.16,15:
880 3120 1053 3206 γενόμενοι
1087 3118 1155 3186 δ’ἕν
1189 3116 1277 3210 ὄψει

135 3315 339 3325 ———-

134 3417 247 3502 μόνοις
261 3413 375 3483 τούτου
389 3423 496 3498 τυχεῖν
511 3415 642 3504 duricia
651 3415 819 3499 Ῥωμαίοις
832 3413 981 3503 ἡγεμόσι,
997 3412 1115 3503 πρώτῳ
1123 3413 1278 3503 Ῥωμύλῳ

134 3522 292 3592 κτελναντι
318 3519 374 3587 τόν
400 3520 584 3608 Κενινήτην
600 3517 756 3604 Ἄκρωνα,
786 3520 925 3607 δευτέρῳ
952 3520 1121 3607 Κορνηλίῳ
1143 3516 1278 3607 Κόσσῳ,

138 3624 307 3710 Τυρρηνὸν
335 3621 486 3691 ἀνελόντι
510 3619 725 3706 Τολουμνιυν,
755 3621 814 3690 ε’ττὶ
840 3625 925 3688 πᾶσι
948 3620 985 3689 δὲ
1007 3623 1157 3709 Κλαυδίῳ
1179 3627 1277 3707 Μαρ-

134 3728 253 3813 κέλλῳ,
292 3727 515 3813 Βριτομάρτου
548 3727 742 3817 κρατήσαντι
765 3728 921 3794 Γαλατῶν
953 3727 1127 3811 βασιλέως,
1178 3739 1277 3796 Festus

136 3848 162 3900 p.
176 3831 239 3886 186:
265 3830 413 3899 spoliorum
437 3834 516 3885 tanta
538 3832 637 3886 raritas
660 3831 720 3897 fuit,
744 3834 775 3884 ut
797 3830 869 3883 intra
892 3828 1104 3898 annospaulo.
1124 3868 1131 3882 .
1151 3868 1157 3882 .
1177 3826 1278 3884 ,trina

137 3918 299 3984 corrtigerint
322 3917 422 3969 nomini
448 3917 584 3984 Romano,
608 3935 664 3972 una
686 3932 756 3987 quae
780 3917 813 3970 de
831 3917 951 3981 Acrone,
975 3914 1062 3970 altera
1085 3930 1155 3986 quae
1172 3915 1277 3969 Consul

137 4005 238 4057 Cossus
257 4003 397 4057 Cornelius
421 4005 455 4056 dc
475 4005 629 4070 Tolumnio,
653 4005 735 4058 tertia
758 4019 828 4073 quae
850 4003 884 4060 M.
909 4002 1052 4057 Marcellus
1071 4001 1129 4057 Jovi
1155 4001 1277 4056 Feretrio

137 4091 170 4143 dc
187 4090 356 4144 Viridomaro
377 4089 500 4145 fixerunt.
