2812 4688
592 326 841 444 --17--Ι

130 523 313 590 habuerunt
338 530 370 589 et
392 522 637 590 fundamentum
660 525 773 605 onmis,
798 540 880 606 (puae
904 524 1044 606 pertinet
1067 525 1110 592 arl
1134 547 1183 591 res
1206 527 1269 592 no-

131 648 256 709 manas,
270 627 435 694 doctrinae
450 629 591 709 fuerunt3
605 629 745 694 maxime
758 633 867 694 autem
879 629 1048 712 scriptores
1059 629 1270 698 ecclesiastici

131 753 205 798 curn
233 733 325 814 quasi
352 734 455 798 instar
481 734 619 797 cuiusuis
650 733 804 797 scientiae
827 733 972 798 venerati
995 732 1149 800 Varronis
1172 735 1271 803 libros

131 837 381 919 exscripserunt.
420 835 510 914 Quorl
526 844 703 919 opportune
720 837 842 901 factum
856 841 919 916 est;
944 856 1021 902 uarn
1032 857 1105 902 cum
1118 838 1271 905 Varronis

131 938 288 1005 librorum
303 939 432 1023 plurimi
450 945 557 1020 aetate
569 941 733 1022 perierint,
757 939 821 1005 illis
838 939 928 1022 locis,
945 940 1060 1022 quibus
1075 943 1267 1024 posteriores

131 1045 305 1128 scriptores
335 1064 408 1109 cum
436 1042 602 1130 Propertio
630 1045 868 1109 consentientes
891 1042 1036 1110 Varrone
1065 1052 1195 1111 auctore
1223 1049 1272 1113 usi

132 1154 223 1230 sunt,
257 1149 357 1214 etiam
384 1147 585 1230 Propertium
613 1169 633 1212 a
660 1147 805 1213 Varrone
837 1146 978 1231 pendere
1012 1149 1080 1214 iure
1115 1149 1270 1231 colligen-

133 1248 212 1316 dnrn
235 1258 293 1316 est.

241 1353 388 1438 Maioris
424 1372 521 1438 quam
553 1355 658 1422 adhuc
686 1357 850 1438 cognitum
877 1364 935 1437 est,
959 1356 1110 1439 ponderis
1133 1356 1165 1423 T.
1189 1357 1272 1424 Livii

136 1457 179 1523 ab
204 1458 283 1524 urbe
307 1457 439 1524 condita
461 1458 536 1525 libri
559 1457 600 1526 ad
617 1459 744 1524 fabulas
765 1458 974 1526 illustrandas
989 1459 1138 1527 ridentur
1160 1460 1271 1543 luisse;

135 1583 211 1627 cum
234 1564 321 1628 enim
343 1565 466 1649 priores
489 1562 563 1628 libri
591 1564 653 1648 ipsi
675 1563 833 1629 rhetorice
860 1571 893 1630 ct
919 1565 1045 1650 poetice
1068 1567 1216 1631 exornati
1239 1567 1271 1630 iu

135 1666 256 1733 fabulis
272 1669 412 1752 antiquis
434 1677 609 1748 versentur,
632 1666 701 1732 lieri
724 1686 789 1733 nou
813 1668 931 1753 potuit,
955 1669 1030 1752 quin
1054 1676 1168 1753 poetas
1179 1667 1214 1753 ¹),
1237 1679 1272 1735 nt

134 1790 192 1836 eas
219 1771 363 1837 versibus
390 1772 622 1857 exprimerent,
650 1790 715 1836 non
743 1771 847 1837 solum
874 1773 1062 1855 incitarent,
1090 1771 1147 1838 seo
1175 1775 1273 1839 etiam

135 1876 182 1941 eis
205 1874 493 1962 locupletissimam
516 1861 645 1961 copiam
667 1873 827 1942 offerrent.

241 1977 279 2044 lu
301 1999 379 2045 sane
402 1998 466 2044 uon
490 1977 672 2044 miramlurn
695 1987 758 2060 est,
782 1978 984 2065 Propertium
1007 1981 1194 2066 saepissime
1219 2000 1273 2046 eos

134 2091 251 2168 poetas
267 2084 428 2150 imitatum
451 2103 531 2165 esse,
555 2101 688 2167 quorum
711 2083 909 2168 exemplum,
933 2090 969 2149 ut
989 2086 1117 2169 patriae
1139 2086 1273 2155 serviret

136 2189 329 2272 antiquitate
341 2187 573 2275 praedicanda,
587 2186 1272 2274 aclermpertiuuissepersuasumhabemus,

136 2291 317 2374 Vergilium
340 2301 372 2358 et
394 2291 565 2359 Tibullum.

241 2394 361 2473 Quibus
384 2395 531 2462 omnibus
554 2404 711 2481 quantum
725 2395 843 2462 debeat
858 2395 1044 2482 Propertius
1064 2416 1149 2461 nunc
1165 2394 1275 2461 ridea-

137 2520 218 2565 mus.
264 2499 500 2586 Disputationis
523 2499 669 2566 ordinem
692 2501 738 2565 ita
761 2501 938 2580 instituam,
962 2507 996 2565 ut
1020 2502 1052 2564 in
1075 2497 1274 2584 unumquod-

136 2623 199 2687 que
216 2624 346 2669 carmon
364 2605 526 2689 inquirens
541 2606 629 2691 prius
645 2605 677 2669 in
693 2605 876 2668 universnm
892 2602 931 2668 tle
948 2611 1135 2685 argumento
1151 2602 1275 2686 loquar,

136 2718 206 2774 turn
239 2708 367 2790 singula
399 2707 615 2794 persequar2).
659 2707 763 2785 Quare
798 2728 872 2772 cum
905 2727 1036 2773 carmen
1070 2709 1208 2793 primum
1241 2709 1275 2771 in

138 2814 343 2878 enarratione
366 2813 565 2896 singularum
593 2832 697 2878 rerum
724 2813 864 2899 positum
891 2812 947 2891 sit,
979 2810 1020 2876 tle
1048 2830 1085 2875 eo
1113 2822 1275 2897 postremo

137 2916 210 2982 loco
234 2937 329 2999 agere
352 2917 430 2982 milri
452 2916 558 2983 liceat.

137 3056 344 3068 *—

242 3123 266 3192 1)
282 3121 372 3178 Etiam
385 3121 510 3178 Ovidium
523 3120 599 3175 Livio
612 3124 723 3176 auctore
736 3136 814 3174 nsuru
833 3135 892 3174 esse
910 3120 937 3174 in
957 3118 1118 3189 exponenda
1132 3117 1276 3173 Fabiorum

139 3209 219 3267 clario
241 3209 315 3277 (iant.
334 3209 367 3263 ll.
387 3209 524 3265 ras-em
543 3208 577 3262 of.
596 3223 619 3264 c.
639 3207 695 3262 Liv.
716 3207 747 3261 ll.
766 3208 822 3277 49),
845 3206 952 3262 ltomuli
977 3205 1181 3260 consecratione
1199 3203 1275 3273 (fast.

139 3296 175 3355 ll.
193 3294 334 3353 tra-ora
352 3311 375 3353 c.
388 3294 444 3349 Liv.
464 3295 484 3351 l.
499 3295 541 3359 16,
553 3296 589 3362 5),
608 3295 811 3364 expugnatione
823 3293 972 3348 (labiorum
984 3295 1124 3362 morteque
1135 3289 1277 3344 Lucretiae

139 3382 218 3453 (last.
241 3382 274 3437 ll.
297 3383 436 3440 oen-852
463 3398 486 3436 c.
509 3381 565 3439 Liv.
588 3381 608 3438 l.
631 3382 747 3451 tta-59)
774 3384 847 3435 reete
874 3378 1069 3435 demonstrarit
1097 3375 1275 3432 Schenkelius

139 3467 309 3539 (zeitschrift
326 3469 345 3524 f.
363 3468 535 3524 ocsterreieh.
553 3469 682 3540 Gymnas.
703 3467 771 3524 1860
789 3485 815 3538 p.
833 3467 905 3535 401).

244 3555 270 3626 ἱ)
282 3553 452 3628 Quamquam
462 3554 693 3610 accommodatius
703 3553 874 3609 essevidetnr
884 3553 918 3608 ad
929 3550 1154 3623 persuadendum,
1164 3548 1279 3618 vestigia

141 3642 356 3714 uniuscuiusque
367 3642 487 3698 auctoris
499 3657 548 3712 per
559 3640 651 3696 onmia
662 3641 782 3696 carmina
795 3640 929 3711 persequi,
948 3643 1038 3694 tanton
1056 3637 1127 3692 banc
1144 3635 1277 3691 rationem

141 3731 170 3785 in
181 3731 235 3785 hac
247 3729 387 3801 paucitate
405 3728 553 3784 carminum
570 3729 670 3782 multas
689 3727 864 3782 difficultates
885 3727 992 3792 habere,
1011 3724 1091 3779 iacile
1104 3722 1278 3791 intellegitur.

611 4009 814 4020 ——.---—
