2812 4688
583 345 799 414 ..42-

123 538 268 605 Varrone
292 536 550 624 deprompsisse?
573 537 666 620 Quid,
682 544 718 604 ut
733 536 916 622 exemplum
932 534 1076 620 afferam,
1100 537 1266 624 Propertii

122 665 150 707 v.
174 640 231 708 25:

423 746 614 812 femineae
640 745 713 811 loca
728 745 841 812 clausa
864 745 956 810 deae

123 861 171 916 cst
193 850 281 916 aliud
304 852 366 916 nisi
389 850 568 916 Plutarchi:
591 848 676 924 θεὸς
697 848 883 935 γνναικείηῖ

226 954 346 1020 Tamen
369 961 500 1041 poetam
516 960 741 1036 argumentum
756 975 796 1019 ex
812 953 958 1019 Varrone
980 955 1117 1040 petitum
1140 954 1184 1022 de
1208 977 1268 1023 suo

121 1060 271 1144 poeticis,
298 1065 334 1124 ut
360 1060 408 1124 ita
434 1056 556 1139 dicam,
584 1056 743 1122 coloribus
771 1075 944 1123 exornasse
971 1059 1042 1141 quis
1068 1058 1268 1144 miretur?¹)

120 1160 158 1227 ln
181 1164 326 1229 oratione
346 1161 475 1246 quidem
490 1160 723 1227 conformanda
745 1163 884 1246 saepius,
910 1167 946 1226 ut
968 1161 1034 1227 fere
1057 1162 1150 1246 solet,
1182 1165 1267 1231 Ver·

120 1266 233 1347 gilium
256 1286 295 1332 ac
318 1264 488 1349 Tibullum,
517 1267 635 1351 quippe
659 1283 792 1349 quorum
819 1266 965 1330 carmina
991 1267 1120 1352 penitus
1149 1271 1267 1334 animo

123 1370 311 1455 complexus
338 1379 437 1452 esset,
465 1376 593 1435 secutus
621 1375 678 1435 est.
723 1367 766 1434 Ut
793 1368 853 1433 hcc
881 1366 1150 1454 demonstremus,
1182 1375 1268 1439 satis

120 1473 286 1556 habemus
309 1492 364 1541 eos
379 1474 467 1539 locos
484 1492 658 1560 apponere,
681 1472 795 1556 quibus
811 1472 884 1538 illos
907 1494 981 1538 eum
1003 1474 1167 1540 imitatum
1191 1497 1267 1542 esse

120 1578 256 1644 fortasse
279 1579 425 1643 conicere
450 1578 540 1644 licet:

302 1717 353 1783 Pr.
370 1714 427 1783 26:
451 1719 582 1804 impune
605 1724 638 1783 et
660 1717 758 1783 nullis
780 1737 874 1782 sacra
897 1723 1019 1782 retecta
1040 1719 1127 1787 viris.

197 1820 264 1887 Tib.
281 1820 305 1887 Ι.
323 1819 354 1904 6,
370 1819 426 1886 22:
450 1842 543 1887 sacra
558 1822 663 1887 bonae
680 1820 822 1887 maribus
845 1839 909 1885 non
930 1819 1081 1887 adeunda
1096 1820 1190 1888 deae.

222 1959 273 2025 Pr.
289 1956 347 2025 38:
369 1959 426 2026 illc
450 1979 508 2043 ego
532 1981 601 2025 sum
624 1997 667 2005 —
689 1958 828 2026 Alciden
850 1967 937 2025 terra
959 1966 1091 2045 recepta
1114 1967 1218 2053 vocat.

119 2062 186 2130 Tib.
203 2062 227 2131 l.
244 2062 274 2147 6,
290 2062 345 2130 31:
370 2064 425 2131 illc
448 2084 507 2148 ego
530 2085 601 2131 sum
616 2101 656 2110 -
674 2085 734 2131 nco
749 2085 800 2129 me
816 2065 882 2130 iam
897 2062 1003 2130 dicere
1019 2085 1097 2130 vera
1112 2063 1257 2152 pudebit,

222 2200 273 2267 Pr.
289 2199 346 2267 53:
370 2201 472 2268 Parce
495 2203 610 2285 oculis
636 2202 768 2288 hospes,
796 2202 931 2285 lucoque
954 2201 1093 2269 abscede
1116 2202 1260 2271 verendo

119 2303 187 2371 Tib.
203 2304 227 2371 l.
243 2302 275 2387 2,
291 2302 347 2370 33:
371 2307 495 2391 parcite
517 2305 702 2389 luminibus,
726 2326 781 2372 seu
803 2307 851 2371 vir
873 2325 929 2371 seu
951 2306 1072 2371 femina
1094 2304 1154 2373 fiat

391 2409 499 2475 obvia:
524 2411 622 2476 celari
644 2411 712 2476 vult
735 2431 794 2476 sua
816 2410 901 2476 furta
923 2409 1042 2475 Venus.

119 2513 158 2578 cf.
175 2513 270 2595 Verg.
287 2513 341 2581 Vl.
357 2512 437 2580 258:
460 2513 573 2601 procul
596 2533 624 2597 o,
648 2515 761 2600 procul
784 2520 860 2597 este,
884 2512 1022 2599 profani,

351 2616 535 2683 conclamat
556 2624 656 2700 vates,
680 2623 810 2701 totoque
833 2616 979 2683 absistite
1001 2617 1084 2682 luco.

118 2754 169 2820 Pr.
185 2753 242 2820 45:
267 2757 316 2821 sin
329 2757 471 2841 aliquam
481 2759 651 2843 vultusque
666 2778 756 2823 meus
771 2763 944 2841 saetaeque
955 2756 1058 2823 leonis
1069 2793 1110 2802 —
1124 2763 1260 2825 terrent.

118 2859 211 2942 Verg.
228 2859 314 2928 VIII.
329 2859 408 2927 266:
442 2863 594 2929 terribilis
628 2863 752 2946 oculos,
785 2862 907 2928 voltum
939 2860 1119 2944 villosaque
1153 2864 1258 2928 saetis
1303 2938 1305 2943 ἲ

441 2973 574 3053 pectora
596 2966 744 3033 semiferi.

220 3153 244 3222 ¹)
263 3169 288 3210 v.
306 3153 399 3221 57158:
419 3169 535 3223 magno
555 3152 672 3208 Tiresias
691 3152 820 3223 adspexit
832 3151 945 3208 Pallada
963 3154 1047 3218 vates,

421 3239 504 3294 fortia
522 3240 586 3294 dum
603 3239 696 3310 posita
713 3239 841 3310 Gorgone
857 3239 977 3295 membra
994 3237 1076 3306 lavat,

117 3341 177 3379 sese
194 3325 230 3380 ad
248 3325 443 3381 Callimachum
462 3326 624 3396 applicavit,
643 3326 678 3380 cf.
696 3326 794 3398 Hymn.
813 3327 840 3380 in
858 3326 910 3381 lav.
929 3324 997 3383 Pall.
1015 3343 1040 3383 v.
1060 3327 1123 3383 101:

211 3411 267 3488 Ὅς
287 3436 326 3479 κε
348 3416 405 3480 τιν’
429 3410 616 3494 ἀθανάταν,
638 3410 700 3481 ὅκα
720 3412 767 3502 μή
790 3413 876 3488 θεὸς
897 3410 996 3489 αὐτὸς
1018 3411 1140 3501 ἕληται,

218 3516 372 3606 Ἆθρήσῃ,
393 3520 526 3604 μισθῷ
547 3519 660 3584 τοῦτον
683 3518 764 3583 ἰδεῖν
786 3515 946 3605 μεγάλῳ.

117 3636 151 3690 cf.
170 3635 249 3690 llum.
268 3636 344 3696 Iliad.
362 3637 418 3692 XX.
431 3637 495 3694 131:
516 3622 658 3704 χαλεποὶ
680 3618 718 3688 δὲ
740 3621 820 3689 aeut
840 3623 1023 3706 φαννεσθαν
1046 3619 1200 3707 ἐναργεῖς.

582 3889 786 3899 -ι--ι
