2812 4688
623 312 814 384 „2-

150 528 243 594 posse
267 510 413 575 arbitror.
460 509 564 592 Atque
592 518 679 574 reete
707 509 869 588 imlieavit,
897 511 1042 590 quintum
1066 508 1184 572 librum
1219 529 1287 574 non

151 620 291 699 apoeta
313 615 383 697 ipso
405 614 572 695 vulgatum
594 633 674 694 esse,
704 615 792 677 euius
819 615 865 676 rei
893 612 1119 677 documentum
1149 614 1181 676 in
1213 635 1289 699 per-

149 718 331 783 turbatione
366 719 544 782 earmiuum
566 716 687 782 ordinis
722 718 860 802 positum
893 724 949 782 est.
1018 713 1101 780 Nam
1134 716 1194 781 illa
1228 738 1288 782 sex

149 823 304 903 earmina,
328 840 458 905 quorum
477 828 667 902 argumenta
682 823 714 885 in
732 821 825 885 rebus
842 821 995 885 Romame
1018 821 1139 885 rersari
1155 822 1286 902 sciurus,

148 926 240 1007 quasi
262 925 408 991 membra
431 924 589 1008 quaedam
614 927 707 989 unius
731 926 871 1009 eorporis
895 944 964 988 esse
993 925 1200 989 manifestum
1225 934 1285 991 est.

148 1028 217 1105 Qua
240 1037 347 1095 autem
380 1031 504 1094 ratione
533 1030 655 1095 laetum
682 1048 751 1092 esse
780 1027 957 1108 credamus,
992 1036 1026 1092 ut
1053 1028 1111 1093 illa
1138 1030 1287 1095 membra

148 1132 284 1199 disiecta
308 1135 381 1215 siut,
411 1142 444 1198 ut
468 1135 613 1199 earmina
636 1151 699 1197 non
723 1131 875 1218 deinceps
898 1131 995 1212 edita,
1025 1131 1081 1196 sed
1110 1133 1183 1197 aliis
1213 1155 1285 1199 ear-

147 1237 286 1302 minibus
320 1239 353 1302 iu
393 1237 607 1302 dissimillimo
643 1244 830 1318 argumento
865 1238 1065 1302 versantibus
1100 1239 1282 1323 interrupta

147 1339 232 1405 siut?
278 1341 370 1406 Certe
394 1342 493 1406 nulla.
540 1339 652 1423 ltaque
674 1340 920 1405 Laulrmannum
943 1348 1068 1406 seeutus
1093 1348 1179 1425 puto,
1210 1350 1284 1426 post

146 1453 281 1510 mortem
300 1453 413 1530 poetae
435 1446 476 1510 ab
500 1446 613 1510 aulicis
636 1451 742 1509 restae
767 1447 900 1510 rationis
923 1444 1109 1530 expertibus
1132 1445 1281 1510 ultimum

145 1549 262 1614 librum
285 1551 318 1614 in
340 1549 446 1614 lucem
469 1550 618 1614 omissum
641 1569 720 1615 esse.

248 1652 311 1718 Sed
340 1653 434 1718 aliter
466 1651 673 1718 iudicandum
708 1660 756 1718 est
789 1651 829 1718 de
863 1653 1064 1718 Lachmanni
1100 1655 1281 1719 sententiae

146 1757 250 1822 altera
273 1764 374 1842 parte,
411 1778 473 1839 qua
502 1759 655 1833 earmina,
685 1763 794 1842 utpote
823 1778 905 1841 quae
933 1764 1085 1822 eontextu
1124 1760 1281 1823 sermonis

145 1867 301 1942 carerent,
336 1880 399 1924 non
433 1860 601 1925 elaborata
633 1859 689 1925 sed
721 1863 851 1945 incepta
880 1868 1005 1925 tanturn
1039 1868 1070 1925 et
1105 1862 1207 1926 torma
1241 1882 1280 1926 ae

144 1965 251 2048 speeie
269 1964 463 2030 adumbrata
479 1986 498 2029 a
515 1972 611 2050 poeta
626 1972 759 2050 repente
776 1970 899 2029 mortuo
916 1963 1071 2029 derelicta
1094 1984 1162 2029 esse
1185 1963 1276 2029 dixit.

147 2066 243 2132 Cuius
265 2067 375 2132 iudicii
404 2069 574 2133 severitate
603 2067 734 2133 adducti
761 2069 819 2132 riri
855 2067 951 2149 doeti,
985 2069 1037 2150 qui
1070 2087 1142 2131 eum
1176 2070 1275 2131 secuti

143 2178 227 2251 sunt,
251 2170 324 2237 libri
341 2180 491 2237 naturam
507 2180 602 2256 atque
619 2171 760 2236 indolem
783 2171 1028 2254 diligentissime
1051 2178 1275 2245 excussorum

142 2295 274 2358 quorum
299 2277 353 2341 alii
391 2276 520 2359 quidem
548 2278 633 2343 ultra
656 2275 856 2341 Laelrmauni
890 2275 1083 2341 sententiam
1117 2277 1277 2360 progressi

142 2387 243 2443 totum
272 2380 388 2445 librum
416 2389 451 2445 ut
479 2382 634 2467 puerilem
668 2390 700 2447 et
734 2389 831 2467 poeta
864 2377 1031 2461 indignum
1067 2379 1276 2464 aPropertio

142 2483 446 2566 abimliearerunt¹)‚
471 2486 527 2550 alii
543 2485 744 2551 Laelrmanni
768 2504 882 2551 eausas
905 2482 1089 2550 refellentes
1113 2491 1202 2549 reeta
1226 2490 1275 2548 at·

141 2607 200 2669 que
218 2595 371 2654 aeeurata
387 2591 653 2674 interpretatione
677 2589 930 2675 explicaverunt,
954 2589 1131 2654 sententias
1155 2589 1277 2673 optime

141 2690 355 2773 cohaerere²);
380 2693 464 2775 quod
480 2712 552 2758 reru
570 2693 717 2758 nonnulli
733 2692 796 2757 loci
820 2694 947 2777 penitus
970 2692 1119 2774 intellegi
1142 2711 1181 2757 ae
1204 2712 1277 2776 per-

140 2796 220 2879 spioi
238 2814 301 2860 non
317 2804 458 2881 possent,
482 2799 584 2879 magis
600 2797 775 2862 scribarum
793 2796 1017 2879 neglegentiae
1040 2816 1137 2879 quam
1161 2802 1278 2881 poetae

139 2900 216 2963 vitio
245 2899 449 2965 tribuendum
479 2922 557 2967 esse.
603 2900 745 2966 Metrieis
780 2907 889 2966 autem
923 2901 1008 2965 euris
1040 2899 1125 2965 hune
1160 2900 1279 2966 librum

140 3003 298 3087 prioribus
321 3011 447 3069 tantum
470 3012 636 3088 praestare
659 3001 948 3086 Esehenburgiud)
972 3005 1178 3087 inquisitione
1202 3003 1275 3068 dili·

139 3107 329 3187 gentissima
352 3107 592 3190 derrronstrarit‚
616 3116 651 3174 ut
667 3110 796 3173 ultimus
813 3108 895 3172 liber
910 3107 1004 3189 longe
1027 3108 1277 3192 perfectissimus

138 3208 305 3276 habendus
334 3213 384 3278 sit.
436 3210 547 3295 ltaque
576 3214 621 3277 sie
652 3212 769 3295 iudice,
804 3219 936 3298 poetam
965 3218 1073 3277 aetate
1100 3213 1166 3277 iam
1201 3231 1277 3276 oon-

138 3310 267 3379 firmata
290 3314 407 3381 librum
430 3318 674 3401 eorrseripsisse,
709 3323 810 3382 morte
834 3324 942 3382 autem
971 3314 1163 3401 impeditum
1196 3336 1276 3397 esse,

138 3418 306 3498 quominus
341 3440 412 3484 eum
447 3421 573 3502 lougius
606 3420 798 3506 produceret
826 3428 858 3486 et
885 3417 1085 3505 perficeret}
1099 3419 1277 3505 perfeetum

138 3518 256 3586 ederet.

138 3626 164 3632 -.
172 3627 297 3635 ———-..--
302 3630 342 3635 ...-

240 3675 263 3743 1)
285 3675 319 3731 ef.
338 3674 542 3741 lleimreiehius‚
566 3675 658 3730 Novae
681 3677 854 3747 quaestiones
876 3676 1070 3746 Propertianae
1092 3677 1120 3731 in
1140 3676 1276 3749 Symbolis

136 3759 530 3830 l’lrilologorumBonnensium
541 3780 566 3833 p.
577 3762 636 3820 676.
651 3796 685 3802 -
703 3763 860 3818 Dominieus
874 3763 988 3831 Garutti,
1007 3762 1139 3833 Propertii
1155 3764 1276 3835 Cynthia
1312 3762 1318 3798 l

137 3863 197 3900 eum
216 3846 284 3902 libro
303 3847 346 3915 lV,
366 3848 411 3918 qui
430 3847 563 3919 Propertii
582 3850 689 3904 nomine
707 3850 800 3909 fertur.

240 3935 263 4004 Ξ)
283 3935 437 3989 liralmerus
457 3935 587 4007 l'hilolog.
617 3937 691 3991 Tem.
710 3938 744 3990 at
765 3954 825 4007 pag.
845 3939 886 3996 58.
922 3938 1070 3991 Brendtius
1096 3939 1276 4004 eraestioues

135 4021 327 4092 Propertianae
346 4022 421 4079 1880.

237 4108 262 4179 ³)
280 4106 347 4163 liber
364 4108 474 4163 miscell.
510 4110 588 4163 Bmm
607 4110 683 4166 root.
702 4110 791 4180 1283·
