2812 4688
597 361 810 429 ..25...

131 575 168 619 se
193 553 390 640 prodituram
416 573 483 617 esse
508 553 705 637 promisisse,
729 554 754 616 si
781 573 837 638 pro
860 553 920 617 boo
944 554 1087 619 facinore
1110 556 1272 639 acciperet

131 659 254 738 onmia,
272 657 401 741 quaein
418 657 555 721 sinistris
570 656 720 720 manibus
733 656 898 737 babenmt,
916 658 934 724 i.
952 679 979 722 e.
998 679 1111 723 artabas
1128 657 1271 723 armillas

130 771 167 826 et
190 761 318 841 amdos3
343 767 454 846 postea
478 766 584 824 autem
608 780 680 824 arce
698 766 853 845 occupata
872 761 1008 826 Sabinos
1029 761 1186 827 rnereedis
1201 762 1271 826 loeo

132 865 225 930 illam
250 866 347 930 scutis
370 863 516 947 obrutam
541 864 747 945 intert'ecissc,
771 884 842 928 cum
867 863 1020 947 dicerent,
1045 888 1084 930 ea
1106 886 1176 931 esse
1192 888 1272 949 qrrae

130 968 271 1034 sinistris
306 969 433 1034 ferrent.
496 967 588 1032 llunc
617 967 681 1031 fere
711 968 741 1031 in
770 966 897 1031 modum
930 968 1064 1034 refertur
1092 969 1202 1034 fabula
1231 971 1272 1034 ab

130 1071 282 1137 omnibus
309 1073 360 1156 qiri
392 1073 424 1137 in
457 1092 497 1137 ea
528 1071 664 1137 stmlimu
695 1079 881 1157 posuerunt,
916 1094 935 1136 a
962 1072 1126 1158 Dionysio,
1166 1072 1267 1143 Livio,

130 1175 315 1256 Plutarcho,
333 1176 460 1240 Valerio
477 1175 628 1256 Maxime,
646 1174 718 1239 aliis
728 1174 765 1256 ¹),
790 1175 922 1258 singulis
939 1176 1031 1241 rebus
1048 1184 1171 1242 tantum
1190 1178 1272 1241 inter·

131 1301 169 1344 se
193 1277 464 1345 dissentientibus.
510 1279 736 1365 Copiosissime
759 1286 864 1344 autem
887 1281 972 1344 inea
991 1279 1268 1365 rersaturDiony·

133 1384 217 1462 sius3
241 1383 292 1448 bic
309 1384 393 1447 enim
418 1381 544 1448 addidit
566 1383 681 1465 lungae
697 1382 737 1446 de
753 1382 888 1469 Tarpeia
905 1385 1091 1465 narrationi,
1111 1405 1206 1468 quam
1232 1405 1272 1449 ex

133 1484 239 1550 Fabio
262 1494 294 1551 et
314 1485 424 1551 Cincio
448 1508 481 1552 se
504 1488 646 1552 hausisse
671 1487 845 1572 profitetur,
875 1509 936 1571 qua
957 1488 1080 1552 ratione
1096 1486 1168 1552 Piso
1191 1488 1270 1560 laci·

132 1610 195 1654 nus
231 1588 385 1674 Tarpeiae
419 1598 454 1654 ut
487 1590 636 1655 laudibus
670 1591 849 1656 celebraret
881 1594 993 1656 enixus
1026 1599 1118 1657 esset.
1170 1591 1272 1656 Docet

131 1701 243 1758 aurun
260 1691 343 1775 Piso,
360 1693 528 1779 Tarpeiam
546 1695 634 1759 illam
653 1694 875 1759 condicionem
891 1695 1044 1760 ferentem
1059 1694 1169 1758 nonde
1185 1715 1272 1776 auro,

130 1795 191 1861 sed
209 1794 249 1860 de
265 1798 361 1863 auaris
378 1797 576 1882 proferendis
592 1799 761 1880 cogitasse,
777 1805 812 1863 ut
827 1798 963 1863 Sabinos
985 1799 1121 1863 inenues
1138 1798 1271 1863 llonude

130 1899 285 1965 traderet.
332 1899 410 1965 lude
435 1900 548 1982 elucet,
577 1901 711 1983 Arrgusti
735 1903 933 1986 temporibus
956 1901 1120 1988 duplicem
1143 1901 1272 1967 falmlae

130 2005 322 2068 aremoriam
346 2007 516 2070 exstitisse.
563 2005 673 2088 ltaque
698 2026 760 2070 uon
786 2007 899 2070 mirum
925 2013 987 2088 est,
1016 2008 1112 2071 otiam
1136 2005 1272 2091 Proper-

132 2109 218 2173 tium
243 2128 353 2173 ausum
377 2129 456 2191 osse,
480 2131 500 2174 a
522 2110 643 2183 neelami
668 2109 775 2175 l'almla
801 2098 979 2174 deductore.

237 2213 341 2295 Atque
364 2214 445 2278 ratio
469 2235 532 2296 qua
553 2213 695 2278 labulmu
723 2214 933 2279 contormarit
961 2233 1088 2299 prorsus
1111 2217 1271 2280 consentit

129 2338 203 2380 cum
228 2317 295 2380 eius
317 2317 445 2396 iugenio
469 2325 564 2401 atque
586 2317 703 2382 imlolo.
753 2318 915 2400 Contingit
937 2320 1022 2384 enim
1048 2325 1152 2404 poeta,
1187 2318 1263 2384 Tar·

130 2422 321 2430 ..-.--,-.--..,
332 2423 335 2426 ,

238 2453 259 2518 ¹)
288 2452 315 2504 lu
345 2451 423 2505 Ennii
453 2452 609 2521 fragmentis
640 2469 802 2522 ‹prarnquam
832 2469 864 2507 ne
888 2471 983 2507 numen
1008 2454 1114 2524 rpudem
1139 2454 1272 2523 Tarpeiae

131 2538 292 2604 invenimus,
315 2542 403 2592 tameu
424 2539 488 2608 ‹priu
509 2538 553 2591 ille
579 2539 705 2607 prinecps
724 2554 838 2607 poeseos
858 2540 996 2594 Romanae
1015 2539 1133 2595 tabulam
1152 2540 1271 2608 expliea-

135 2625 213 2693 rerit,
233 2625 343 2679 <lobium
363 2641 421 2679 csse
440 2643 492 2678 mm
513 2629 617 2694 potest,
638 2625 794 2694 prementur
815 2643 875 2680 eum
896 2643 1013 2695 pungnam
1033 2627 1101 2679 inter·
1120 2626 1226 2680 Tatium
1245 2629 1273 2680 et

134 2710 281 2768 llunmlum
295 2713 329 2766 ab
343 2728 374 2765 eo
387 2717 539 2767 enarratum
553 2729 612 2766 esse
625 2713 669 2781 (et'.
684 2712 716 2766 ir.
730 2715 771 2769 bb.
786 2730 811 2781 p.
826 2714 913 2769 17011.
928 2713 1041 2779 l‘alrleu)
1059 2717 1131 2766 certe
1146 2714 1272 2768 seiaoms.

133 2799 212 2865 Quae
230 2804 320 2851 autem
341 2798 494 2853 liralmerus
513 2800 621 2870 (tipum.
635 2799 726 2867 l'rugr.
742 2798 884 2853 Friedland
904 2800 984 2867 moa)
1013 2798 1090 2852 liunii
1120 2799 1272 2868 fragmenta

133 2884 169 2937 ad
190 2883 332 2954 Tarpeiam
352 2885 485 2955 pertinere
505 2886 658 2951 coniecerit,
678 2902 729 2938 uon
750 2885 840 2938 emnia
853 2885 960 2954 probari
982 2901 1061 2954 posse
1074 2887 1149 2955 puto.
1180 2884 1272 2940 Solum

133 2971 167 3028 ir.
179 2971 222 3028 oa.
241 2988 301 3024 cum
322 2971 414 3043 aliqua
432 2972 555 3026 ueritatis
574 2972 664 3042 specie
683 2972 718 3025 ad
737 2971 879 3040 Tarpeiam
899 2970 1025 3024 refertur:

343 3060 409 3112 (bur
429 3075 555 3129 superum
576 3059 663 3113 lumen
683 3076 737 3111 nux
757 3059 920 3127 intempesta
937 3061 1049 3122 teneret,

132 3161 250 3213 rpmeum
279 3162 355 3199 uersu
383 3147 571 3215 componemla
597 3149 661 3200 suan
689 3151 715 3198 et
742 3144 875 3213 Propertii
904 3145 985 3198 rerba
1014 3143 1042 3200 Υ.
1061 3147 1085 3208 4,
1104 3144 1138 3197 85
1164 3143 1272 3205 ,errruia

135 3231 302 3300 1n·aebebant
320 3241 445 3286 somnos‘·
471 3237 499 3286 et
516 3233 603 3288 Ouidii
625 3233 685 3289 blut.
704 3231 772 3288 xlv.
792 3232 856 3288 720:
877 3235 920 3293 ,et
944 3248 1060 3300 corpora
1080 3230 1151 3283 victa
1173 3246 1271 3299 sopore

136 3317 295 3371 im·a·rlurrt“.
325 3320 409 3372 Recte
428 3324 518 3373 autem
532 3319 668 3373 l'aldenus
681 3318 839 3388 bagmeutis
853 3318 971 3372 incertae
984 3317 1055 3371 sedis
1069 3315 1135 3369 illud
1148 3316 1273 3370 attribuit

130 3404 191 3471 (b'l.
213 3421 240 3473 p.
258 3406 318 3474 op:
347 3405 416 3468 ,iam
435 3408 498 3459 eata
516 3406 594 3473 sigua
613 3406 667 3458 iore
690 3406 808 3459 sonitum
827 3404 891 3457 dare
919 3421 985 3458 uoee
1006 3403 1163 3472 parabant‘.
1200 3401 1270 3456 Nam

132 3490 284 3546 similitudo
308 3489 475 3560 Propertiaui
501 3508 593 3546 remus
618 3493 688 3561 ltili:
719 3491 843 3556 ,urrealcs
866 3495 983 3560 oeerrpat
1007 3506 1070 3543 ense
1094 3495 1191 3543 caues“
1216 3505 1270 3542 neu

132 3578 202 3633 satis
221 3593 321 3631 causae
340 3579 459 3646 praebet,
478 3578 619 3633 curidum
638 3579 720 3633 Ennii
737 3595 842 3632 versum
862 3579 897 3632 ad
910 3577 1043 3647 Tarpeiae
1056 3575 1175 3631 fabulam
1190 3575 1272 3646 perti·

131 3681 194 3718 nere
213 3663 363 3719 credamus.
394 3665 487 3737 Neque
506 3665 557 3719 hee
573 3666 726 3719 lirabnerus
740 3667 812 3719 reete
826 3664 945 3718 iudicare
958 3663 1072 3728 ridetur,
1091 3662 1164 3733 quod
1178 3662 1269 3728 scutit,

132 3751 185 3804 illis
206 3750 294 3804 rerbis
313 3750 357 3817 eir.
371 3751 390 3804 l.
404 3751 464 3821 30):
493 3752 604 3822 „accipe
623 3752 711 3822 daque
730 3752 808 3823 tidem
828 3751 977 3822 foedusque
996 3749 1044 3804 leri
1064 3749 1131 3804 bene
1149 3750 1268 3803 brumm‘

131 3837 227 3890 foedus
257 3834 326 3889 Tatii
356 3840 382 3890 et
410 3837 542 3908 Tarpeiae
569 3838 713 3908 designari.
765 3837 838 3892 niun
872 3837 942 3892 euim
969 3836 1111 3891 conleruut
1140 3836 1174 3889 ad
1202 3835 1270 3888 baec

132 3939 254 4012 biurrpsii
275 3940 356 3995 rerba
373 3940 406 3996 n.
420 3944 467 3997 38:
495 3927 644 4011 λαβοῦσα
659 3925 715 4001 τὰς
731 3928 859 4002 πίστεις
875 3927 916 3990 dt*
934 3925 1039 4011 ὅρκων
1062 3925 1138 4007 παρ’
1164 3922 1272 3989 aelecti

129 4027 184 4092 aei
207 4027 288 4114 αὐτή
314 4029 418 4094 δοῦσα
441 4031 497 4096 τοῦ
518 4028 565 4116 μή
584 4027 770 4118 ψεύδεσδαι
785 4027 840 4104 τὰς
856 4030 1029 4113 ὁμολογίας
1045 4046 1105 4109 ete,
1124 4058 1267 4112 quaecum

130 4130 198 4184 nibil
217 4131 268 4185 nisi
287 4131 417 4185 usitatam
436 4134 463 4186 et
481 4132 651 4186 tritissimum
668 4131 850 4186 elocutionem
868 4132 1029 4202 praebeant,
1053 4147 1106 4184 nen
1128 4146 1161 4184 ex
1181 4128 1268 4183 Ennio

130 4217 298 4275 desumenda
316 4221 400 4277 eraut.
