2812 4688
591 344 806 414 ..19-

233 540 353 617 Quibus
380 540 527 605 omnibns
555 541 746 605 testimoniis
779 541 964 625 eorrrpositis
992 560 1065 605 oum
1097 544 1153 624 eis,
1187 565 1268 626 qrrae

129 643 315 728 Propertius
338 642 524 729 praedicat:

296 781 330 847 3:
354 782 378 846 Τ
381 803 473 848 rrscus
496 802 555 864 ego
578 790 610 847 et
633 781 742 847 'luscis
764 783 858 863 orior,
882 803 941 848 uee
965 786 1109 869 pamritot
1133 787 1216 850 inter

358 887 479 972 proelia
504 886 666 951 Volsinios
690 885 867 951 deseruisse
890 887 977 952 foros

178 1031 211 1088 et
234 1045 261 1090 v.
279 1021 336 1089 49:
360 1032 392 1089 et
416 1032 460 1107 tu,
483 1024 596 1106 Roma,
620 1026 699 1090 meis
722 1024 861 1090 tribuisti
885 1027 1030 1110 praemia
1054 1025 1173 1108 'luscis

355 1129 440 1194 nndo
464 1128 558 1194 hodie
580 1131 669 1194 niens
693 1131 826 1195 nomina
848 1130 967 1195 'luscus
991 1129 1099 1212 habet,

355 1241 499 1319 tompore
522 1252 582 1316 quo
607 1234 702 1298 sociis
724 1234 811 1297 vonit
833 1232 1045 1318 Lycomedius
1068 1235 1166 1300 armis

357 1349 453 1420 atqne
477 1337 598 1403 Sabina
622 1338 680 1401 leri
704 1336 848 1402 contudit
873 1357 963 1402 arma
986 1336 1066 1402 Tati.

132 1476 186 1538 rix
197 1473 327 1540 dubium
341 1495 409 1541 esse
422 1482 536 1559 potest,
549 1476 625 1560 quin
638 1483 734 1560 poeta
751 1476 810 1540 has
822 1496 872 1541 ros
884 1476 1027 1541 seribens
1040 1474 1268 1542 adVarronem

135 1581 346 1664 spectaverit,
370 1581 445 1663 quin
469 1582 567 1645 etiam
595 1601 666 1645 eum
689 1599 819 1665 prorsus
841 1581 1043 1665 expresserit.
1089 1579 1157 1645 lloe
1185 1589 1270 1647 sorte
1310 1654 1313 1661 ¹

134 1682 342 1748 statuendum
376 1692 439 1764 est3
480 1703 556 1749 narn
590 1682 629 1750 do
664 1682 804 1748 adventu
835 1684 1029 1749 Lucumonis
1062 1685 1204 1749 inanima
1237 1686 1270 1748 in

134 1786 334 1852 dissensione
358 1809 397 1853 ae
424 1789 580 1853 varietate
610 1789 843 1853 sententiarum
870 1794 1038 1854 versantur
1065 1794 1225 1871 auctores,
1254 1810 1271 1853 e

135 1891 251 1974 quibus
274 1882 464 1957 uomnmidi
487 1900 561 1958 sunt
582 1891 697 1958 Festus
707 1890 740 1976 ¹),
764 1913 858 1976 quern
881 1891 923 1957 ad
947 1892 1093 1957 Verrium
1116 1890 1271 1958 Flaccum

135 1993 239 2059 redire
263 1996 346 2061 inter·
368 2014 479 2061 ornnes
503 2004 643 2078 constat,
671 1996 799 2063 'l'aoitns
808 1996 847 2080 ²),
878 1995 1030 2062 Claudius
1053 1993 1269 2081 irnper·ator·³).

240 2220 263 2287 ¹)
282 2217 380 2273 Festus
398 2235 424 2289 p.
437 2219 497 2274 355.
512 2218 552 2272 ed.
566 2218 674 2273 lliillerz
693 2218 828 2284 ,l'nsoum
846 2220 934 2273 vicum
952 2218 1033 2273 eoteri
1053 2218 1160 2289 quidem
1179 2235 1272 2273 omnes

136 2305 284 2374 scriptores
303 2305 404 2359 dietum
424 2305 502 2359 aiurrt
520 2306 555 2360 ab
568 2305 601 2360 iis
615 2305 660 2376 qni
674 2305 794 2360 Porsena
808 2323 870 2376 rega
883 2305 1061 2360 descendente
1074 2305 1242 2374 [discedente
1248 2308 1272 2376 l]

136 2392 172 2447 ab
191 2392 331 2447 obsidione
350 2409 364 2445 o
383 2393 479 2447 'l'usois
498 2392 674 2447 remanserint
692 2391 794 2447 Romae
814 2392 927 2462 locoque
941 2392 983 2446 lris
997 2391 1062 2446 dato
1074 2391 1270 2458 liabitarorirrt3

136 2482 186 2533 aut
204 2479 277 2549 quod
296 2477 449 2533 l'oleientes
468 2479 566 2533 fratres
585 2479 680 2533 Caelos
706 2482 733 2533 et
752 2478 872 2533 l'ilrenna
898 2495 967 2549 quos
986 2479 1080 2532 dieunt
1099 2495 1187 2549 regern
1206 2479 1272 2533 'l'ar-

137 2564 260 2635 quinium
283 2564 396 2619 Ronram
420 2582 511 2620 seeum
534 2565 649 2619 maxime
673 2564 834 2630 adduxisse,
858 2580 918 2618 eum
941 2565 1083 2624 coluerint.
1124 2565 1158 2620 ll.
1178 2565 1272 2632 Varro,

137 2651 211 2722 quod
231 2668 263 2705 ex
282 2651 375 2706 Coelio
394 2652 421 2706 in
440 2668 499 2706 enm
519 2650 607 2705 locum
625 2651 699 2704 ducti
718 2654 808 2709 sunt‘.

242 2737 301 2794 Non
320 2742 461 2808 praetereo
479 2737 600 2804 Paulum,
620 2737 692 2791 Festi
708 2736 784 2791 illum
797 2738 1011 2808 epitomatorem,
1025 2739 1152 2794 Varronis
1166 2743 1272 2794 senten·
1357 2778 1360 2785 .

136 2827 204 2878 tiam
224 2824 257 2879 do
281 2824 327 2878 illo
351 2824 506 2879 Luoumone
530 2840 583 2877 non
607 2823 743 2893 ignorare3
771 2840 853 2894 quam
876 2824 930 2877 olio
955 2824 1015 2878 loeo
1039 2826 1164 2896 repetivit
1187 2843 1211 2896 p.
1226 2829 1272 2883 44:

139 2911 264 2976 ,Caelius
277 2928 353 2966 mons
367 2911 456 2966 dictos
469 2914 510 2965 ost
523 2927 539 2964 a
552 2910 632 2965 Caele
645 2910 762 2980 quedam
776 2927 809 2964 ex
822 2911 941 2976 Etruria,
955 2911 1000 2981 qui
1014 2910 1129 2966 Romulo
1143 2911 1273 2966 auxilium

173 3015 266 3052 uersus
285 2998 401 3054 Sabinos
420 2997 553 3069 praebuit,
573 3013 605 3051 eo
624 2997 696 3067 quod
716 2996 742 3050 in
762 3013 794 3051 eo
813 2997 979 3052 domicilium
997 2998 1118 3053 lrabuit“.

237 3085 258 3154 ²)
269 3084 355 3139 'laoit
367 3086 437 3144 Anu.
448 3083 491 3138 lV.
501 3085 548 3141 65:
557 3082 632 3137 haud
642 3083 788 3138 altsnrdonr
803 3083 884 3138 luerit
893 3083 1008 3151 tradere,
1022 3088 1139 3138 montem
1154 3101 1215 3138 ennr

221 3188 247 3226 m
272 3171 466 3242 appellitatum
495 3170 616 3225 atlaele
641 3168 762 3224 Vibonua
789 3169 834 3240 qui
863 3170 919 3224 dux
947 3171 1035 3240 gentis
1058 3171 1186 3226 Etruriae
1214 3186 1274 3224 eum

136 3259 268 3314 auxilium
286 3257 401 3325 tulisset,
421 3257 511 3312 sedem
530 3274 589 3311 eam
602 3260 746 3328 acceperut
761 3256 937 3327 a'larquinio
956 3257 1048 3312 Priseo
1067 3274 1114 3312 seu
1130 3257 1275 3327 quisalius

135 3361 230 3416 regum
248 3345 335 3400 dedit:
355 3362 417 3400 nam
434 3344 582 3415 scriptores
600 3345 627 3398 iu
646 3361 678 3399 eo
698 3344 870 3402 dissentiunt.

240 3451 262 3518 3)
290 3448 420 3503 Claudius
444 3449 489 3506 Or.
513 3449 546 3503 de
573 3448 713 3504 Gallorum
741 3447 798 3502 iure
825 3447 950 3502 honorio:
972 3448 1114 3512 „...Gaeli
1137 3448 1275 3520 quendam

136 3536 274 3590 l'ironnae
307 3535 409 3591 sodalis
441 3535 614 3590 fidelissimus
641 3534 782 3605 omnisque
811 3535 869 3589 eius
892 3550 972 3588 casus
996 3551 1098 3602 eomes,
1127 3539 1274 3605 postquam

136 3622 214 3678 uaria
232 3621 343 3676 fortuna
360 3627 474 3677 oaaetns
495 3639 554 3677 eum
578 3622 703 3678 omnibus
727 3621 839 3692 reliquis
861 3621 982 3676 Caeliani
1007 3621 1141 3677 exereitus
1165 3621 1275 3676 Etruria

136 3708 264 3775 excessit,
283 3711 402 3763 montem
420 3709 543 3765 (laelium
562 3708 706 3780 ooeuparit
725 3712 752 3762 et
771 3726 787 3762 a
806 3708 873 3763 rluee
892 3724 942 3762 stro
956 3707 1048 3763 Caelio
1066 3708 1106 3763 ita
1125 3708 1276 3779 apellitarit

136 3798 299 3868 rmrtatoque
317 3796 424 3851 nomine
444 3797 518 3866 [nam
537 3796 624 3850 Tusoe
643 3795 782 3850 ltlastarna
806 3795 828 3848 ei
853 3810 948 3849 nomen
968 3795 1037 3865 erat]
1062 3795 1100 3849 ita
1119 3794 1276 3865 appellatus

137 3887 188 3950 est,
207 3885 239 3939 ut
257 3881 313 3936 dixi
337 3885 384 3950 (se.
405 3882 512 3938 Servius
537 3882 652 3951 Tollius)
677 3885 705 3937 et
726 3898 838 3951 regnnm
862 3898 967 3936 srrrmna
990 3898 1050 3935 cnm
1072 3898 1092 3938 r.
1111 3897 1138 3951 p.
1158 3880 1278 3934 utilitate

137 3968 285 4040 optinuit“.
304 3969 530 4024 Gardthausenus
544 3969 667 4040 proximo
680 3972 801 4038 tempore
814 3970 910 4021 eontra
921 3966 1097 4022 Niebuhrirnn
1118 3971 1145 4020 et
1169 3966 1275 4021 Solnre-

137 4056 242 4127 gleruur
259 4055 330 4111 hano
348 4056 456 4111 Claudii
483 4055 645 4111 sententiam
672 4056 773 4109 rectam
801 4069 861 4109 esse
884 4056 916 4107 ut
939 4053 1135 4108 demonstraret
1161 4068 1272 4122 operam

138 4142 215 4198 dedit
233 4142 268 4201 ul.
287 4141 426 4197 llastama
444 4142 509 4197 oder
527 4141 635 4198 Servius
654 4139 766 4207 Tullius,
786 4139 898 4211 Leipzig
917 4139 992 4194 lese.
1085 4207 1123 4266 2.
