<?xml version="1.0" encoding="UTF-8"?>
<!DOCTYPE html PUBLIC "-//W3C//DTD XHTML 1.0 Transitional//EN"
    "http://www.w3.org/TR/xhtml1/DTD/xhtml1-transitional.dtd">
<html xmlns="http://www.w3.org/1999/xhtml" xml:lang="en" lang="en">
 <head>
  <title>
</title>
<meta http-equiv="Content-Type" content="text/html;charset=utf-8" />
  <meta name='ocr-system' content='tesseract 3.04.00' />
  <meta name='ocr-capabilities' content='ocr_page ocr_carea ocr_par ocr_line ocrx_word'/>
</head>
<body>
  <div class='ocr_page' id='page_1' title='image "./depropertiicarm00tuergoog_0050.png"; bbox 0 0 2812 4688; ppageno 0'>
   <div class='ocr_carea' id='block_1_1' title="bbox 597 361 812 429">
    <p class='ocr_par' dir='ltr' id='par_1_1' title="bbox 597 361 812 429">
     <span class='ocr_line' id='line_1_1' title="bbox 597 361 812 429; baseline 0 -19"><span class='ocrx_word' id='word_1_1' title='bbox 597 361 812 429; x_wconf 68' lang='lat'><strong>„41-</strong></span> 
     </span>
    </p>
   </div>
   <div class='ocr_carea' id='block_1_2' title="bbox 128 552 1338 3656">
    <p class='ocr_par' dir='ltr' id='par_1_2' title="bbox 128 552 1338 2411">
     <span class='ocr_line' id='line_1_2' title="bbox 137 552 1277 640; baseline 0 -19"><span class='ocrx_word' id='word_1_2' title='bbox 137 574 181 621; x_wconf 84' lang='lat' dir='ltr'>ox</span> <span class='ocrx_word' id='word_1_3' title='bbox 204 572 244 621; x_wconf 88' lang='lat' dir='ltr'>eo</span> <span class='ocrx_word' id='word_1_4' title='bbox 267 557 429 640; x_wconf 88' lang='lat' dir='ltr'>apparatu</span> <span class='ocrx_word' id='word_1_5' title='bbox 451 553 526 617; x_wconf 85' lang='lat' dir='ltr'>viris</span> <span class='ocrx_word' id='word_1_6' title='bbox 548 558 678 634; x_wconf 82' lang='lat' dir='ltr'>gustare</span> <span class='ocrx_word' id='word_1_7' title='bbox 693 552 743 618; x_wconf 88' lang='lat' dir='ltr'>ias</span> <span class='ocrx_word' id='word_1_8' title='bbox 758 560 851 636; x_wconf 89' lang='lat' dir='ltr'>esset,</span> <span class='ocrx_word' id='word_1_9' title='bbox 874 560 1006 640; x_wconf 89' lang='lat' dir='ltr'>propter</span> <span class='ocrx_word' id='word_1_10' title='bbox 1025 552 1110 636; x_wconf 92' lang='lat' dir='ltr'>quod</span> <span class='ocrx_word' id='word_1_11' title='bbox 1124 553 1277 621; x_wconf 90' lang='lat' dir='ltr'>Hercules</span> 
     </span>
     <span class='ocr_line' id='line_1_3' title="bbox 136 654 1278 743; baseline -0.001 -18"><span class='ocrx_word' id='word_1_12' title='bbox 136 659 285 725; x_wconf 80' lang='lat' dir='ltr'>facturos</span> <span class='ocrx_word' id='word_1_13' title='bbox 318 677 446 723; x_wconf 84' lang='lat' dir='ltr'>sacrum</span> <span class='ocrx_word' id='word_1_14' title='bbox 478 654 655 722; x_wconf 85' lang='lat' dir='ltr'>detestatus</span> <span class='ocrx_word' id='word_1_15' title='bbox 688 663 737 723; x_wconf 89' lang='lat' dir='ltr'>est</span> <span class='ocrx_word' id='word_1_16' title='bbox 769 658 988 743; x_wconf 78' lang='lat' dir='ltr'>praesentiam</span> <span class='ocrx_word' id='word_1_17' title='bbox 1020 657 1212 724; x_wconf 85' lang='lat' dir='ltr'>feminarum</span> <span class='ocrx_word' id='word_1_18' title='bbox 1246 665 1278 724; x_wconf 90' lang='lat' dir='ltr'>et</span> 
     </span>
     <span class='ocr_line' id='line_1_4' title="bbox 137 759 1338 845; baseline -0.001 -16"><span class='ocrx_word' id='word_1_19' title='bbox 137 760 263 829; x_wconf 86' lang='lat' dir='ltr'>Potitio</span> <span class='ocrx_word' id='word_1_20' title='bbox 290 781 330 828; x_wconf 90' lang='lat' dir='ltr'>ac</span> <span class='ocrx_word' id='word_1_21' title='bbox 351 759 482 827; x_wconf 89' lang='lat' dir='ltr'>Pinario</span> <span class='ocrx_word' id='word_1_22' title='bbox 509 778 672 826; x_wconf 89' lang='lat' dir='ltr'>sacrorum</span> <span class='ocrx_word' id='word_1_23' title='bbox 706 761 891 827; x_wconf 80' lang='lat' dir='ltr'>custodibus</span> <span class='ocrx_word' id='word_1_24' title='bbox 924 762 1026 845; x_wconf 89' lang='lat' dir='ltr'>iussit,</span> <span class='ocrx_word' id='word_1_25' title='bbox 1053 782 1095 827; x_wconf 90' lang='lat' dir='ltr'>ne</span> <span class='ocrx_word' id='word_1_26' title='bbox 1127 763 1277 828; x_wconf 90' lang='lat' dir='ltr'>mulieres</span> <span class='ocrx_word' id='word_1_27' title='bbox 1333 788 1338 805; x_wconf 69' lang='lat'><strong><em>¹</em></strong></span> 
     </span>
     <span class='ocr_line' id='line_1_5' title="bbox 135 862 1278 952; baseline -0.002 -19"><span class='ocrx_word' id='word_1_28' title='bbox 135 868 296 933; x_wconf 90' lang='lat' dir='ltr'>interesse</span> <span class='ocrx_word' id='word_1_29' title='bbox 324 863 574 952; x_wconf 81' lang='lat' dir='ltr'>permitterent‘.</span> <span class='ocrx_word' id='word_1_30' title='bbox 619 862 733 930; x_wconf 92' lang='lat' dir='ltr'>Totum</span> <span class='ocrx_word' id='word_1_31' title='bbox 767 864 851 930; x_wconf 91' lang='lat' dir='ltr'>hunc</span> <span class='ocrx_word' id='word_1_32' title='bbox 884 865 1005 949; x_wconf 91' lang='lat' dir='ltr'>locum,</span> <span class='ocrx_word' id='word_1_33' title='bbox 1040 868 1170 931; x_wconf 91' lang='lat' dir='ltr'>omnino</span> <span class='ocrx_word' id='word_1_34' title='bbox 1205 886 1278 931; x_wconf 91' lang='lat' dir='ltr'>oum</span> 
     </span>
     <span class='ocr_line' id='line_1_6' title="bbox 135 967 1277 1058; baseline -0.003 -21"><span class='ocrx_word' id='word_1_35' title='bbox 135 968 300 1058; x_wconf 78' lang='lat' dir='ltr'><strong>Propertii</strong></span> <span class='ocrx_word' id='word_1_36' title='bbox 334 967 552 1055; x_wconf 74' lang='lat' dir='ltr'>descriptione</span> <span class='ocrx_word' id='word_1_37' title='bbox 585 969 839 1055; x_wconf 77' lang='lat' dir='ltr'>conspirantem,</span> <span class='ocrx_word' id='word_1_38' title='bbox 877 967 980 1035; x_wconf 89' lang='lat' dir='ltr'>redire</span> <span class='ocrx_word' id='word_1_39' title='bbox 1018 968 1061 1035; x_wconf 90' lang='lat' dir='ltr'>ad</span> <span class='ocrx_word' id='word_1_40' title='bbox 1094 969 1277 1036; x_wconf 86' lang='lat' dir='ltr'>Cornelium</span> 
     </span>
     <span class='ocr_line' id='line_1_7' title="bbox 133 1072 1277 1159; baseline -0.001 -18"><span class='ocrx_word' id='word_1_41' title='bbox 133 1074 335 1158; x_wconf 84' lang='lat' dir='ltr'>Labeonem,</span> <span class='ocrx_word' id='word_1_42' title='bbox 363 1093 405 1140; x_wconf 84' lang='lat' dir='ltr'>ex</span> <span class='ocrx_word' id='word_1_43' title='bbox 426 1072 592 1139; x_wconf 87' lang='lat' dir='ltr'>Macrobio</span> <span class='ocrx_word' id='word_1_44' title='bbox 614 1073 684 1157; x_wconf 90' lang='lat' dir='ltr'>ipso</span> <span class='ocrx_word' id='word_1_45' title='bbox 712 1072 827 1156; x_wconf 87' lang='lat' dir='ltr'>elucet,</span> <span class='ocrx_word' id='word_1_46' title='bbox 849 1074 968 1159; x_wconf 88' lang='lat' dir='ltr'>quippe</span> <span class='ocrx_word' id='word_1_47' title='bbox 991 1075 1044 1157; x_wconf 89' lang='lat' dir='ltr'>qui</span> <span class='ocrx_word' id='word_1_48' title='bbox 1067 1076 1135 1139; x_wconf 89' lang='lat' dir='ltr'>eius</span> <span class='ocrx_word' id='word_1_49' title='bbox 1160 1093 1277 1141; x_wconf 90' lang='lat' dir='ltr'>nomen</span> 
     </span>
     <span class='ocr_line' id='line_1_8' title="bbox 134 1174 1278 1267; baseline -0.001 -21"><span class='ocrx_word' id='word_1_50' title='bbox 134 1178 241 1267; x_wconf 86' lang='lat' dir='ltr'>paulo</span> <span class='ocrx_word' id='word_1_51' title='bbox 264 1184 340 1245; x_wconf 92' lang='lat' dir='ltr'>auto</span> <span class='ocrx_word' id='word_1_52' title='bbox 362 1175 545 1245; x_wconf 88' lang='lat' dir='ltr'>laudaverit</span> <span class='ocrx_word' id='word_1_53' title='bbox 555 1174 593 1259; x_wconf 88' lang='lat'>¹):</span> <span class='ocrx_word' id='word_1_54' title='bbox 622 1174 760 1257; x_wconf 85' lang='lat' dir='ltr'>„Auctor</span> <span class='ocrx_word' id='word_1_55' title='bbox 787 1183 837 1243; x_wconf 92' lang='lat' dir='ltr'>est</span> <span class='ocrx_word' id='word_1_56' title='bbox 863 1175 1030 1242; x_wconf 75' lang='lat' dir='ltr'>(lornehus</span> <span class='ocrx_word' id='word_1_57' title='bbox 1051 1175 1176 1259; x_wconf 85' lang='lat' dir='ltr'>Labeo,</span> <span class='ocrx_word' id='word_1_58' title='bbox 1203 1179 1278 1245; x_wconf 90' lang='lat' dir='ltr'>huic</span> 
     </span>
     <span class='ocr_line' id='line_1_9' title="bbox 132 1278 1277 1350; baseline -0.002 0"><span class='ocrx_word' id='word_1_59' title='bbox 132 1282 248 1350; x_wconf 81' lang='lat' dir='ltr'>Maiae</span> <span class='ocrx_word' id='word_1_60' title='bbox 270 1280 386 1349; x_wconf 89' lang='lat' dir='ltr'>aedem</span> <span class='ocrx_word' id='word_1_61' title='bbox 408 1279 564 1348; x_wconf 89' lang='lat' dir='ltr'>Kalendis</span> <span class='ocrx_word' id='word_1_62' title='bbox 586 1280 682 1347; x_wconf 87' lang='lat' dir='ltr'>Maiis</span> <span class='ocrx_word' id='word_1_63' title='bbox 710 1278 894 1346; x_wconf 80' lang='lat' dir='ltr'>dedicatam</span> <span class='ocrx_word' id='word_1_64' title='bbox 922 1280 981 1346; x_wconf 92' lang='lat' dir='ltr'>sub</span> <span class='ocrx_word' id='word_1_65' title='bbox 1008 1283 1137 1347; x_wconf 91' lang='lat' dir='ltr'>nomine</span> <span class='ocrx_word' id='word_1_66' title='bbox 1166 1281 1277 1348; x_wconf 89' lang='lat' dir='ltr'>Bonae</span> 
     </span>
     <span class='ocr_line' id='line_1_10' title="bbox 132 1383 1277 1471; baseline -0.002 -17"><span class='ocrx_word' id='word_1_67' title='bbox 132 1386 240 1470; x_wconf 86' lang='lat' dir='ltr'>Deae,</span> <span class='ocrx_word' id='word_1_68' title='bbox 262 1392 296 1453; x_wconf 91' lang='lat' dir='ltr'>et</span> <span class='ocrx_word' id='word_1_69' title='bbox 318 1384 456 1453; x_wconf 88' lang='lat' dir='ltr'>eandem</span> <span class='ocrx_word' id='word_1_70' title='bbox 478 1405 548 1452; x_wconf 89' lang='lat' dir='ltr'>esse</span> <span class='ocrx_word' id='word_1_71' title='bbox 570 1384 695 1451; x_wconf 89' lang='lat' dir='ltr'>Bonam</span> <span class='ocrx_word' id='word_1_72' title='bbox 718 1383 822 1451; x_wconf 87' lang='lat' dir='ltr'>Deam</span> <span class='ocrx_word' id='word_1_73' title='bbox 844 1391 878 1450; x_wconf 93' lang='lat' dir='ltr'>et</span> <span class='ocrx_word' id='word_1_74' title='bbox 899 1391 1029 1466; x_wconf 86' lang='lat' dir='ltr'>terram,</span> <span class='ocrx_word' id='word_1_75' title='bbox 1058 1405 1098 1450; x_wconf 84' lang='lat' dir='ltr'>ex</span> <span class='ocrx_word' id='word_1_76' title='bbox 1120 1385 1190 1471; x_wconf 89' lang='lat' dir='ltr'>ipso</span> <span class='ocrx_word' id='word_1_77' title='bbox 1213 1388 1277 1452; x_wconf 89' lang='lat' dir='ltr'>ritu</span> 
     </span>
     <span class='ocr_line' id='line_1_11' title="bbox 132 1487 1277 1576; baseline -0.002 -20"><span class='ocrx_word' id='word_1_78' title='bbox 132 1490 314 1557; x_wconf 87' lang='lat' dir='ltr'>occultiore</span> <span class='ocrx_word' id='word_1_79' title='bbox 338 1508 502 1557; x_wconf 85' lang='lat' dir='ltr'>sacrorum</span> <span class='ocrx_word' id='word_1_80' title='bbox 524 1487 632 1555; x_wconf 90' lang='lat' dir='ltr'>doceri</span> <span class='ocrx_word' id='word_1_81' title='bbox 655 1507 749 1576; x_wconf 92' lang='lat' dir='ltr'>posse</span> <span class='ocrx_word' id='word_1_82' title='bbox 773 1487 968 1555; x_wconf 76' lang='lat' dir='ltr'>confirmas.</span> <span class='ocrx_word' id='word_1_83' title='bbox 1014 1487 1082 1566; x_wconf 83' lang='lat' dir='ltr'>Quo</span> <span class='ocrx_word' id='word_1_84' title='bbox 1105 1496 1214 1555; x_wconf 91' lang='lat' dir='ltr'>autem</span> <span class='ocrx_word' id='word_1_85' title='bbox 1236 1511 1277 1556; x_wconf 83' lang='lat' dir='ltr'>ex</span> 
     </span>
     <span class='ocr_line' id='line_1_12' title="bbox 128 1591 1276 1678; baseline -0.002 -17"><span class='ocrx_word' id='word_1_86' title='bbox 128 1593 229 1661; x_wconf 80' lang='lat' dir='ltr'>&#39;fonte</span> <span class='ocrx_word' id='word_1_87' title='bbox 250 1592 361 1661; x_wconf 89' lang='lat' dir='ltr'>Labeo</span> <span class='ocrx_word' id='word_1_88' title='bbox 383 1593 536 1675; x_wconf 88' lang='lat' dir='ltr'>hauserit,</span> <span class='ocrx_word' id='word_1_89' title='bbox 559 1591 773 1660; x_wconf 91' lang='lat' dir='ltr'>dubitandum</span> <span class='ocrx_word' id='word_1_90' title='bbox 793 1610 859 1657; x_wconf 91' lang='lat' dir='ltr'>non</span> <span class='ocrx_word' id='word_1_91' title='bbox 881 1594 951 1676; x_wconf 90' lang='lat' dir='ltr'>erit,</span> <span class='ocrx_word' id='word_1_92' title='bbox 975 1593 1103 1659; x_wconf 89' lang='lat' dir='ltr'>collatis</span> <span class='ocrx_word' id='word_1_93' title='bbox 1126 1595 1172 1659; x_wconf 92' lang='lat' dir='ltr'>eis</span> <span class='ocrx_word' id='word_1_94' title='bbox 1195 1614 1276 1678; x_wconf 89' lang='lat' dir='ltr'>quae</span> 
     </span>
     <span class='ocr_line' id='line_1_13' title="bbox 134 1692 1278 1780; baseline -0.003 -15"><span class='ocrx_word' id='word_1_95' title='bbox 134 1696 333 1765; x_wconf 81' lang='lat' dir='ltr'>Plutarchus</span> <span class='ocrx_word' id='word_1_96' title='bbox 361 1696 402 1764; x_wconf 90' lang='lat' dir='ltr'>de</span> <span class='ocrx_word' id='word_1_97' title='bbox 428 1696 521 1762; x_wconf 88' lang='lat' dir='ltr'>Bona</span> <span class='ocrx_word' id='word_1_98' title='bbox 542 1697 612 1764; x_wconf 91' lang='lat' dir='ltr'>Dea</span> <span class='ocrx_word' id='word_1_99' title='bbox 638 1695 774 1764; x_wconf 88' lang='lat' dir='ltr'>tradidit</span> <span class='ocrx_word' id='word_1_100' title='bbox 799 1695 907 1779; x_wconf 83' lang='lat' dir='ltr'>(Caes.</span> <span class='ocrx_word' id='word_1_101' title='bbox 930 1717 959 1762; x_wconf 92' lang='lat' dir='ltr'>v.</span> <span class='ocrx_word' id='word_1_102' title='bbox 984 1693 1033 1780; x_wconf 84' lang='lat'>9):</span> <span class='ocrx_word' id='word_1_103' title='bbox 1058 1692 1187 1762; x_wconf 77' lang='grc' dir='ltr'><strong><em>ἔστιδὲ</em></strong></span> <span class='ocrx_word' id='word_1_104' title='bbox 1212 1704 1278 1774; x_wconf 77' lang='grc' dir='ltr'><strong><em>τοῖς</em></strong></span> 
     </span>
     <span class='ocr_line' id='line_1_14' title="bbox 128 1796 1278 1890; baseline 0 -23"><span class='ocrx_word' id='word_1_105' title='bbox 128 1800 305 1885; x_wconf 83' lang='grc' dir='ltr'><strong><em>Ῥωμαίοις</em></strong></span> <span class='ocrx_word' id='word_1_106' title='bbox 335 1797 422 1876; x_wconf 74' lang='grc' dir='ltr'>θεός</span> <span class='ocrx_word' id='word_1_107' title='bbox 451 1797 496 1890; x_wconf 67' lang='grc' dir='ltr'>ἢν</span> <span class='ocrx_word' id='word_1_108' title='bbox 527 1798 674 1888; x_wconf 67' lang='grc' dir='ltr'><strong><em>Ἀγαθήν</em></strong></span> <span class='ocrx_word' id='word_1_109' title='bbox 707 1797 941 1883; x_wconf 79' lang='grc' dir='ltr'><strong><em>ὀνομάζουσιν,</em></strong></span> <span class='ocrx_word' id='word_1_110' title='bbox 978 1796 1094 1883; x_wconf 72' lang='grc' dir='ltr'><strong><em>οἵσπερ</em></strong></span> <span class='ocrx_word' id='word_1_111' title='bbox 1119 1797 1278 1888; x_wconf 80' lang='grc' dir='ltr'><strong><em>Ἕλληνες</em></strong></span> 
     </span>
     <span class='ocr_line' id='line_1_15' title="bbox 129 1900 1278 1993; baseline -0.001 -23"><span class='ocrx_word' id='word_1_112' title='bbox 129 1905 324 1992; x_wconf 79' lang='grc' dir='ltr'><strong><em>γυναικείην</em></strong></span> <span class='ocrx_word' id='word_1_113' title='bbox 340 1955 348 1970; x_wconf 94' lang='grc'><strong>.</strong></span> <span class='ocrx_word' id='word_1_114' title='bbox 366 1956 373 1970; x_wconf 94' lang='grc'><strong>.</strong></span> <span class='ocrx_word' id='word_1_115' title='bbox 391 1959 398 1974; x_wconf 93' lang='grc'><strong>.</strong></span> <span class='ocrx_word' id='word_1_116' title='bbox 415 1900 519 1990; x_wconf 80' lang='grc' dir='ltr'><strong><em>ἄνδρα</em></strong></span> <span class='ocrx_word' id='word_1_117' title='bbox 547 1900 585 1970; x_wconf 80' lang='grc' dir='ltr'>δὲ</span> <span class='ocrx_word' id='word_1_118' title='bbox 611 1902 880 1990; x_wconf 61' lang='lat' dir='ltr'>accusassent</span> <span class='ocrx_word' id='word_1_119' title='bbox 904 1909 1006 1989; x_wconf 77' lang='grc' dir='ltr'><strong><em>θέμις</em></strong></span> <span class='ocrx_word' id='word_1_120' title='bbox 1033 1904 1104 1973; x_wconf 80' lang='lat' dir='ltr'>oc&#39;d’</span> <span class='ocrx_word' id='word_1_121' title='bbox 1134 1902 1192 1971; x_wconf 81' lang='grc' dir='ltr'>ἐπὶ</span> <span class='ocrx_word' id='word_1_122' title='bbox 1218 1907 1278 1993; x_wconf 78' lang='grc' dir='ltr'>τῆς</span> 
     </span>
     <span class='ocr_line' id='line_1_16' title="bbox 131 2008 1274 2094; baseline 0 -18"><span class='ocrx_word' id='word_1_123' title='bbox 131 2008 244 2085; x_wconf 79' lang='grc' dir='ltr'><strong><em>οἰκίας</em></strong></span> <span class='ocrx_word' id='word_1_124' title='bbox 274 2011 434 2094; x_wconf 75' lang='grc' dir='ltr'><strong><em>γενέσθαι</em></strong></span> <span class='ocrx_word' id='word_1_125' title='bbox 459 2011 522 2075; x_wconf 78' lang='grc' dir='ltr'>τῶν</span> <span class='ocrx_word' id='word_1_126' title='bbox 556 2009 653 2093; x_wconf 77' lang='grc' dir='ltr'><strong><em>ἱερῶν</em></strong></span> <span class='ocrx_word' id='word_1_127' title='bbox 686 2008 923 2094; x_wconf 81' lang='grc' dir='ltr'><strong><em>ὀργιαζομένων</em></strong></span> <span class='ocrx_word' id='word_1_128' title='bbox 956 2018 989 2077; x_wconf 90' lang='lat' dir='ltr'>et</span> <span class='ocrx_word' id='word_1_129' title='bbox 1021 2011 1149 2090; x_wconf 84' lang='lat' dir='ltr'>Quaest.</span> <span class='ocrx_word' id='word_1_130' title='bbox 1183 2011 1274 2078; x_wconf 88' lang='lat' dir='ltr'>Rom.</span> 
     </span>
     <span class='ocr_line' id='line_1_17' title="bbox 131 2109 1275 2204; baseline -0.001 -23"><span class='ocrx_word' id='word_1_131' title='bbox 131 2135 163 2183; x_wconf 88' lang='grc' dir='ltr'>ο.</span> <span class='ocrx_word' id='word_1_132' title='bbox 180 2111 241 2180; x_wconf 79' lang='lat'>20:</span> <span class='ocrx_word' id='word_1_133' title='bbox 264 2109 331 2180; x_wconf 77' lang='grc' dir='ltr'>Δια</span> <span class='ocrx_word' id='word_1_134' title='bbox 351 2115 383 2179; x_wconf 79' lang='grc' dir='ltr'>τί</span> <span class='ocrx_word' id='word_1_135' title='bbox 403 2114 622 2201; x_wconf 80' lang='grc' dir='ltr'><strong><em>τῇγοναικεὶρ</em></strong></span> <span class='ocrx_word' id='word_1_136' title='bbox 643 2115 719 2201; x_wconf 72' lang='grc' dir='ltr'>θεῷ</span> <span class='ocrx_word' id='word_1_137' title='bbox 739 2109 783 2204; x_wconf 72' lang='grc' dir='ltr'>ἢν</span> <span class='ocrx_word' id='word_1_138' title='bbox 806 2113 937 2202; x_wconf 67' lang='grc' dir='ltr'><strong><em>ἀγαθήν</em></strong></span> <span class='ocrx_word' id='word_1_139' title='bbox 958 2115 1115 2181; x_wconf 80' lang='grc' dir='ltr'><strong><em>καλοῦσα</em></strong></span> <span class='ocrx_word' id='word_1_140' title='bbox 1139 2164 1275 2180; x_wconf 91' lang='grc'><strong>.....</strong></span> 
     </span>
     <span class='ocr_line' id='line_1_18' title="bbox 131 2213 1276 2305; baseline -0.001 -19"><span class='ocrx_word' id='word_1_141' title='bbox 131 2215 177 2286; x_wconf 70' lang='grc' dir='ltr'>οὐ</span> <span class='ocrx_word' id='word_1_142' title='bbox 198 2214 304 2302; x_wconf 83' lang='grc' dir='ltr'><strong><em>μόνον</em></strong></span> <span class='ocrx_word' id='word_1_143' title='bbox 330 2215 526 2295; x_wconf 74' lang='grc' dir='ltr'><strong><em>ἐξοικίζουσι</em></strong></span> <span class='ocrx_word' id='word_1_144' title='bbox 551 2215 627 2293; x_wconf 79' lang='grc' dir='ltr'>τούς</span> <span class='ocrx_word' id='word_1_145' title='bbox 652 2213 773 2305; x_wconf 84' lang='grc' dir='ltr'><strong><em>ἄνδρας</em></strong></span> <span class='ocrx_word' id='word_1_146' title='bbox 795 2217 879 2285; x_wconf 76' lang='lat' dir='ltr'>atta</span> <span class='ocrx_word' id='word_1_147' title='bbox 905 2218 961 2284; x_wconf 86' lang='grc' dir='ltr'>καὶ</span> <span class='ocrx_word' id='word_1_148' title='bbox 986 2221 1056 2284; x_wconf 79' lang='grc' dir='ltr'>πᾶν</span> <span class='ocrx_word' id='word_1_149' title='bbox 1083 2214 1182 2305; x_wconf 83' lang='grc' dir='ltr'><strong><em>ἄρρεν</em></strong></span> <span class='ocrx_word' id='word_1_150' title='bbox 1206 2217 1276 2297; x_wconf 82' lang='grc' dir='ltr'><em>ἕξε-</em></span> 
     </span>
     <span class='ocr_line' id='line_1_19' title="bbox 128 2318 1210 2411; baseline -0.001 -21"><span class='ocrx_word' id='word_1_151' title='bbox 128 2318 296 2391; x_wconf 77' lang='grc' dir='ltr'><strong><em>λαύνονσι</em></strong></span> <span class='ocrx_word' id='word_1_152' title='bbox 316 2323 375 2410; x_wconf 76' lang='grc' dir='ltr'>τῆς</span> <span class='ocrx_word' id='word_1_153' title='bbox 396 2321 500 2397; x_wconf 78' lang='grc' dir='ltr'><strong><em>οἰκίας</em></strong></span> <span class='ocrx_word' id='word_1_154' title='bbox 520 2318 599 2389; x_wconf 80' lang='grc' dir='ltr'><strong><em>ὅταν</em></strong></span> <span class='ocrx_word' id='word_1_155' title='bbox 620 2320 658 2388; x_wconf 79' lang='grc' dir='ltr'>τοὶ</span> <span class='ocrx_word' id='word_1_156' title='bbox 679 2326 899 2406; x_wconf 81' lang='grc' dir='ltr'><strong><em>νενομισμένα</em></strong></span> <span class='ocrx_word' id='word_1_157' title='bbox 920 2324 961 2411; x_wconf 74' lang='grc' dir='ltr'>τῇ</span> <span class='ocrx_word' id='word_1_158' title='bbox 981 2327 1057 2410; x_wconf 73' lang='grc' dir='ltr'>θεῷ</span> <span class='ocrx_word' id='word_1_159' title='bbox 1078 2324 1210 2389; x_wconf 76' lang='grc' dir='ltr'><strong><em>ποιῶσι.</em></strong></span> 
     </span>
    </p>

    <p class='ocr_par' dir='ltr' id='par_1_3' title="bbox 129 2425 1275 3344">
     <span class='ocr_line' id='line_1_20' title="bbox 244 2425 1275 2512; baseline -0.001 -19"><span class='ocrx_word' id='word_1_160' title='bbox 244 2425 343 2493; x_wconf 90' lang='lat' dir='ltr'>Vides</span> <span class='ocrx_word' id='word_1_161' title='bbox 365 2448 463 2512; x_wconf 89' lang='lat' dir='ltr'>quam</span> <span class='ocrx_word' id='word_1_162' title='bbox 486 2435 555 2494; x_wconf 90' lang='lat' dir='ltr'>arte</span> <span class='ocrx_word' id='word_1_163' title='bbox 579 2429 742 2494; x_wconf 92' lang='lat' dir='ltr'>coniuncti</span> <span class='ocrx_word' id='word_1_164' title='bbox 765 2430 830 2494; x_wconf 89' lang='lat' dir='ltr'>sint</span> <span class='ocrx_word' id='word_1_165' title='bbox 852 2434 884 2495; x_wconf 95' lang='lat' dir='ltr'>et</span> <span class='ocrx_word' id='word_1_166' title='bbox 907 2429 1002 2495; x_wconf 90' lang='lat' dir='ltr'>rebus</span> <span class='ocrx_word' id='word_1_167' title='bbox 1025 2436 1058 2495; x_wconf 92' lang='lat' dir='ltr'>et</span> <span class='ocrx_word' id='word_1_168' title='bbox 1079 2427 1185 2495; x_wconf 89' lang='lat' dir='ltr'>verbis</span> <span class='ocrx_word' id='word_1_169' title='bbox 1200 2426 1275 2493; x_wconf 94' lang='lat' dir='ltr'>Plu·</span> 
     </span>
     <span class='ocr_line' id='line_1_21' title="bbox 129 2529 1275 2615; baseline -0.002 -15"><span class='ocrx_word' id='word_1_170' title='bbox 129 2531 270 2601; x_wconf 83' lang='lat' dir='ltr'>tarchus</span> <span class='ocrx_word' id='word_1_171' title='bbox 293 2537 327 2597; x_wconf 88' lang='lat' dir='ltr'>et</span> <span class='ocrx_word' id='word_1_172' title='bbox 339 2529 458 2598; x_wconf 89' lang='lat' dir='ltr'>Labeo.</span> <span class='ocrx_word' id='word_1_173' title='bbox 497 2529 592 2596; x_wconf 91' lang='lat' dir='ltr'>Illum</span> <span class='ocrx_word' id='word_1_174' title='bbox 613 2538 731 2614; x_wconf 91' lang='lat' dir='ltr'>autem,</span> <span class='ocrx_word' id='word_1_175' title='bbox 755 2552 837 2615; x_wconf 91' lang='lat' dir='ltr'>quae</span> <span class='ocrx_word' id='word_1_176' title='bbox 853 2531 894 2597; x_wconf 93' lang='lat' dir='ltr'>de</span> <span class='ocrx_word' id='word_1_177' title='bbox 910 2534 1063 2599; x_wconf 87' lang='lat' dir='ltr'>institutis</span> <span class='ocrx_word' id='word_1_178' title='bbox 1079 2553 1118 2598; x_wconf 90' lang='lat' dir='ltr'>ao</span> <span class='ocrx_word' id='word_1_179' title='bbox 1133 2533 1275 2598; x_wconf 86' lang='lat' dir='ltr'>moribus</span> 
     </span>
     <span class='ocr_line' id='line_1_22' title="bbox 129 2633 1274 2723; baseline -0.003 -19"><span class='ocrx_word' id='word_1_180' title='bbox 129 2636 357 2704; x_wconf 88' lang='lat' dir='ltr'>Romanorum</span> <span class='ocrx_word' id='word_1_181' title='bbox 372 2633 551 2719; x_wconf 87' lang='lat' dir='ltr'>tradiderit,</span> <span class='ocrx_word' id='word_1_182' title='bbox 567 2656 608 2701; x_wconf 84' lang='lat' dir='ltr'>ex</span> <span class='ocrx_word' id='word_1_183' title='bbox 623 2634 768 2700; x_wconf 85' lang='lat' dir='ltr'>Varrone</span> <span class='ocrx_word' id='word_1_184' title='bbox 783 2636 980 2722; x_wconf 89' lang='lat' dir='ltr'>repetivisse,</span> <span class='ocrx_word' id='word_1_185' title='bbox 997 2638 1126 2723; x_wconf 88' lang='lat' dir='ltr'>saepius</span> <span class='ocrx_word' id='word_1_186' title='bbox 1142 2635 1274 2701; x_wconf 89' lang='lat' dir='ltr'>demon-</span> 
     </span>
     <span class='ocr_line' id='line_1_23' title="bbox 129 2737 1274 2823; baseline -0.004 -14"><span class='ocrx_word' id='word_1_187' title='bbox 129 2746 275 2809; x_wconf 88' lang='lat' dir='ltr'>stratum</span> <span class='ocrx_word' id='word_1_188' title='bbox 289 2737 382 2822; x_wconf 81' lang='lat' dir='ltr'>est.²)</span> <span class='ocrx_word' id='word_1_189' title='bbox 419 2738 489 2805; x_wconf 89' lang='lat' dir='ltr'>Huc</span> <span class='ocrx_word' id='word_1_190' title='bbox 505 2738 641 2822; x_wconf 90' lang='lat' dir='ltr'>accedit,</span> <span class='ocrx_word' id='word_1_191' title='bbox 665 2738 749 2823; x_wconf 90' lang='lat' dir='ltr'>quod</span> <span class='ocrx_word' id='word_1_192' title='bbox 766 2761 786 2804; x_wconf 89' lang='lat' dir='ltr'>a</span> <span class='ocrx_word' id='word_1_193' title='bbox 800 2739 971 2804; x_wconf 90' lang='lat' dir='ltr'>Lactantio</span> <span class='ocrx_word' id='word_1_194' title='bbox 987 2741 1164 2805; x_wconf 87' lang='lat' dir='ltr'>certissime</span> <span class='ocrx_word' id='word_1_195' title='bbox 1179 2738 1274 2805; x_wconf 89' lang='lat' dir='ltr'>doce·</span> 
     </span>
     <span class='ocr_line' id='line_1_24' title="bbox 130 2841 1273 2927; baseline -0.003 -15"><span class='ocrx_word' id='word_1_196' title='bbox 130 2865 222 2927; x_wconf 89' lang='lat' dir='ltr'>mur,</span> <span class='ocrx_word' id='word_1_197' title='bbox 250 2842 429 2910; x_wconf 91' lang='lat' dir='ltr'>Varronem</span> <span class='ocrx_word' id='word_1_198' title='bbox 461 2843 502 2910; x_wconf 92' lang='lat' dir='ltr'>de</span> <span class='ocrx_word' id='word_1_199' title='bbox 528 2844 638 2910; x_wconf 91' lang='lat' dir='ltr'>Bonae</span> <span class='ocrx_word' id='word_1_200' title='bbox 665 2844 754 2909; x_wconf 90' lang='lat' dir='ltr'>Deae</span> <span class='ocrx_word' id='word_1_201' title='bbox 781 2843 871 2909; x_wconf 84' lang='lat' dir='ltr'>fama</span> <span class='ocrx_word' id='word_1_202' title='bbox 896 2843 1083 2910; x_wconf 86' lang='lat' dir='ltr'>disseruisse</span> <span class='ocrx_word' id='word_1_203' title='bbox 1118 2841 1273 2926; x_wconf 79' lang='lat' dir='ltr'>(Institut.</span> 
     </span>
     <span class='ocr_line' id='line_1_25' title="bbox 130 2944 1274 3032; baseline -0.003 -17"><span class='ocrx_word' id='word_1_204' title='bbox 130 2948 202 3015; x_wconf 81' lang='lat' dir='ltr'>div,</span> <span class='ocrx_word' id='word_1_205' title='bbox 218 2946 243 3015; x_wconf 90' lang='lat' dir='ltr'>l.</span> <span class='ocrx_word' id='word_1_206' title='bbox 259 2944 330 3030; x_wconf 67' lang='lat' dir='ltr'>Bssl:</span> <span class='ocrx_word' id='word_1_207' title='bbox 360 2945 525 3028; x_wconf 88' lang='lat' dir='ltr'>,Eandem</span> <span class='ocrx_word' id='word_1_208' title='bbox 545 2947 603 3031; x_wconf 88' lang='lat' dir='ltr'>(sc.</span> <span class='ocrx_word' id='word_1_209' title='bbox 619 2946 781 3031; x_wconf 86' lang='lat' dir='ltr'>Faunam)</span> <span class='ocrx_word' id='word_1_210' title='bbox 802 2947 905 3013; x_wconf 88' lang='lat' dir='ltr'>Varro</span> <span class='ocrx_word' id='word_1_211' title='bbox 921 2946 1032 3013; x_wconf 85' lang='lat' dir='ltr'>scribit</span> <span class='ocrx_word' id='word_1_212' title='bbox 1046 2953 1159 3012; x_wconf 91' lang='lat' dir='ltr'>tantae</span> <span class='ocrx_word' id='word_1_213' title='bbox 1181 2946 1274 3032; x_wconf 91' lang='lat' dir='ltr'>pudi-</span> 
     </span>
     <span class='ocr_line' id='line_1_26' title="bbox 130 3049 1274 3137; baseline -0.003 -20"><span class='ocrx_word' id='word_1_214' title='bbox 130 3052 234 3117; x_wconf 86' lang='lat' dir='ltr'>citiae</span> <span class='ocrx_word' id='word_1_215' title='bbox 249 3050 357 3133; x_wconf 88' lang='lat' dir='ltr'>fuisse,</span> <span class='ocrx_word' id='word_1_216' title='bbox 380 3056 417 3117; x_wconf 91' lang='lat' dir='ltr'>ut</span> <span class='ocrx_word' id='word_1_217' title='bbox 438 3071 532 3117; x_wconf 91' lang='lat' dir='ltr'>nemo</span> <span class='ocrx_word' id='word_1_218' title='bbox 555 3072 628 3117; x_wconf 91' lang='lat' dir='ltr'>eam</span> <span class='ocrx_word' id='word_1_219' title='bbox 650 3049 756 3135; x_wconf 90' lang='lat' dir='ltr'>quoad</span> <span class='ocrx_word' id='word_1_220' title='bbox 776 3052 891 3117; x_wconf 84' lang='lat' dir='ltr'>vixerit</span> <span class='ocrx_word' id='word_1_221' title='bbox 907 3057 1034 3137; x_wconf 85' lang='lat' dir='ltr'>praeter</span> <span class='ocrx_word' id='word_1_222' title='bbox 1056 3053 1159 3117; x_wconf 89' lang='lat' dir='ltr'>virum</span> <span class='ocrx_word' id='word_1_223' title='bbox 1182 3071 1274 3116; x_wconf 89' lang='lat' dir='ltr'>suum</span> 
     </span>
     <span class='ocr_line' id='line_1_27' title="bbox 131 3152 1274 3239; baseline -0.003 -18"><span class='ocrx_word' id='word_1_224' title='bbox 131 3175 208 3221; x_wconf 87' lang='lat' dir='ltr'>mas</span> <span class='ocrx_word' id='word_1_225' title='bbox 230 3152 360 3239; x_wconf 87' lang='lat' dir='ltr'>viderit,</span> <span class='ocrx_word' id='word_1_226' title='bbox 384 3176 444 3221; x_wconf 91' lang='lat' dir='ltr'>nec</span> <span class='ocrx_word' id='word_1_227' title='bbox 466 3174 584 3221; x_wconf 92' lang='lat' dir='ltr'>nomen</span> <span class='ocrx_word' id='word_1_228' title='bbox 611 3156 679 3220; x_wconf 92' lang='lat' dir='ltr'>eius</span> <span class='ocrx_word' id='word_1_229' title='bbox 708 3153 855 3221; x_wconf 88' lang='lat' dir='ltr'>audierit.</span> <span class='ocrx_word' id='word_1_230' title='bbox 900 3153 1024 3219; x_wconf 91' lang='lat' dir='ltr'>Idcirco</span> <span class='ocrx_word' id='word_1_231' title='bbox 1047 3154 1096 3219; x_wconf 93' lang='lat' dir='ltr'>illi</span> <span class='ocrx_word' id='word_1_232' title='bbox 1123 3153 1274 3219; x_wconf 89' lang='lat' dir='ltr'>mulieres</span> 
     </span>
     <span class='ocr_line' id='line_1_28' title="bbox 130 3257 1061 3344; baseline -0.002 -19"><span class='ocrx_word' id='word_1_233' title='bbox 130 3261 169 3325; x_wconf 92' lang='lat' dir='ltr'>in</span> <span class='ocrx_word' id='word_1_234' title='bbox 195 3264 307 3344; x_wconf 90' lang='lat' dir='ltr'>operto</span> <span class='ocrx_word' id='word_1_235' title='bbox 329 3257 515 3325; x_wconf 88' lang='lat' dir='ltr'>sacrificant</span> <span class='ocrx_word' id='word_1_236' title='bbox 537 3265 569 3324; x_wconf 92' lang='lat' dir='ltr'>et</span> <span class='ocrx_word' id='word_1_237' title='bbox 592 3258 717 3325; x_wconf 89' lang='lat' dir='ltr'>Bonam</span> <span class='ocrx_word' id='word_1_238' title='bbox 739 3258 843 3324; x_wconf 89' lang='lat' dir='ltr'>Deam</span> <span class='ocrx_word' id='word_1_239' title='bbox 866 3259 1061 3323; x_wconf 82' lang='lat' dir='ltr'>nominant“.</span> 
     </span>
    </p>

    <p class='ocr_par' dir='ltr' id='par_1_4' title="bbox 130 3360 1274 3656">
     <span class='ocr_line' id='line_1_29' title="bbox 241 3360 1274 3448; baseline -0.004 -19"><span class='ocrx_word' id='word_1_240' title='bbox 241 3360 321 3429; x_wconf 87' lang='lat' dir='ltr'>Cum</span> <span class='ocrx_word' id='word_1_241' title='bbox 343 3363 440 3444; x_wconf 85' lang='lat' dir='ltr'>igitur</span> <span class='ocrx_word' id='word_1_242' title='bbox 462 3363 571 3428; x_wconf 92' lang='lat' dir='ltr'>omnia</span> <span class='ocrx_word' id='word_1_243' title='bbox 592 3362 652 3427; x_wconf 88' lang='lat' dir='ltr'>illa</span> <span class='ocrx_word' id='word_1_244' title='bbox 677 3361 901 3448; x_wconf 87' lang='lat' dir='ltr'>reputantibus</span> <span class='ocrx_word' id='word_1_245' title='bbox 934 3361 1027 3426; x_wconf 89' lang='lat' dir='ltr'>nobis</span> <span class='ocrx_word' id='word_1_246' title='bbox 1061 3360 1274 3427; x_wconf 89' lang='lat' dir='ltr'>dubitandum</span> 
     </span>
     <span class='ocr_line' id='line_1_30' title="bbox 131 3464 1273 3552; baseline -0.004 -18"><span class='ocrx_word' id='word_1_247' title='bbox 131 3486 202 3535; x_wconf 93' lang='lat' dir='ltr'>non</span> <span class='ocrx_word' id='word_1_248' title='bbox 226 3468 282 3548; x_wconf 93' lang='lat' dir='ltr'>sit,</span> <span class='ocrx_word' id='word_1_249' title='bbox 309 3468 385 3552; x_wconf 92' lang='lat' dir='ltr'>quin</span> <span class='ocrx_word' id='word_1_250' title='bbox 408 3466 456 3532; x_wconf 89' lang='lat' dir='ltr'>illi</span> <span class='ocrx_word' id='word_1_251' title='bbox 479 3467 650 3552; x_wconf 89' lang='lat' dir='ltr'>scriptores</span> <span class='ocrx_word' id='word_1_252' title='bbox 678 3487 718 3532; x_wconf 79' lang='lat' dir='ltr'>ex</span> <span class='ocrx_word' id='word_1_253' title='bbox 740 3466 886 3532; x_wconf 86' lang='lat' dir='ltr'>Varrone</span> <span class='ocrx_word' id='word_1_254' title='bbox 909 3466 1001 3550; x_wconf 88' lang='lat' dir='ltr'>quasi</span> <span class='ocrx_word' id='word_1_255' title='bbox 1024 3485 1064 3531; x_wconf 83' lang='lat' dir='ltr'>ex</span> <span class='ocrx_word' id='word_1_256' title='bbox 1083 3464 1171 3530; x_wconf 88' lang='lat' dir='ltr'>fonte</span> <span class='ocrx_word' id='word_1_257' title='bbox 1194 3464 1273 3530; x_wconf 91' lang='lat' dir='ltr'>hau-</span> 
     </span>
     <span class='ocr_line' id='line_1_31' title="bbox 130 3569 1273 3656; baseline -0.006 -16"><span class='ocrx_word' id='word_1_258' title='bbox 130 3572 247 3654; x_wconf 84' lang='lat' dir='ltr'>serint,</span> <span class='ocrx_word' id='word_1_259' title='bbox 269 3589 376 3637; x_wconf 92' lang='lat' dir='ltr'>nonne</span> <span class='ocrx_word' id='word_1_260' title='bbox 400 3572 498 3637; x_wconf 82' lang='lat' dir='ltr'>etiarn</span> <span class='ocrx_word' id='word_1_261' title='bbox 520 3571 726 3638; x_wconf 88' lang='lat' dir='ltr'>manifestum</span> <span class='ocrx_word' id='word_1_262' title='bbox 750 3577 812 3653; x_wconf 90' lang='lat' dir='ltr'>est,</span> <span class='ocrx_word' id='word_1_263' title='bbox 840 3570 1042 3656; x_wconf 89' lang='lat' dir='ltr'>Propertium</span> <span class='ocrx_word' id='word_1_264' title='bbox 1065 3569 1211 3634; x_wconf 83' lang='lat' dir='ltr'>fabulam</span> <span class='ocrx_word' id='word_1_265' title='bbox 1233 3590 1273 3634; x_wconf 85' lang='lat' dir='ltr'>ex</span> 
     </span>
    </p>
   </div>
   <div class='ocr_carea' id='block_1_3' title="bbox 242 3823 1152 3897">
    <p class='ocr_par' dir='ltr' id='par_1_5' title="bbox 242 3823 1152 3897">
     <span class='ocr_line' id='line_1_32' title="bbox 242 3823 1152 3897; baseline -0.004 -16"><span class='ocrx_word' id='word_1_266' title='bbox 242 3827 264 3897; x_wconf 84' lang='lat'>¹)</span> <span class='ocrx_word' id='word_1_267' title='bbox 283 3827 319 3882; x_wconf 87' lang='lat' dir='ltr'>cf.</span> <span class='ocrx_word' id='word_1_268' title='bbox 338 3826 469 3881; x_wconf 87' lang='lat' dir='ltr'>Wissowa</span> <span class='ocrx_word' id='word_1_269' title='bbox 486 3825 527 3882; x_wconf 93' lang='lat' dir='ltr'>De</span> <span class='ocrx_word' id='word_1_270' title='bbox 545 3826 674 3881; x_wconf 87' lang='lat' dir='ltr'>Macrobii</span> <span class='ocrx_word' id='word_1_271' title='bbox 693 3824 909 3880; x_wconf 86' lang='lat' dir='ltr'>Saturnaliorum</span> <span class='ocrx_word' id='word_1_272' title='bbox 930 3823 1052 3879; x_wconf 85' lang='lat' dir='ltr'>fontibus</span> <span class='ocrx_word' id='word_1_273' title='bbox 1071 3840 1097 3893; x_wconf 90' lang='lat' dir='ltr'>p.</span> <span class='ocrx_word' id='word_1_274' title='bbox 1110 3825 1152 3880; x_wconf 77' lang='lat' dir='ltr'>la.</span> 
     </span>
    </p>
   </div>
   <div class='ocr_carea' id='block_1_4' title="bbox 239 3911 1273 4002">
    <p class='ocr_par' dir='ltr' id='par_1_6' title="bbox 239 3911 1273 4002">
     <span class='ocr_line' id='line_1_33' title="bbox 239 3911 1273 4002; baseline -0.007 -16"><span class='ocrx_word' id='word_1_275' title='bbox 239 3932 263 4002; x_wconf 76' lang='lat'>²)</span> <span class='ocrx_word' id='word_1_276' title='bbox 282 3931 316 3991; x_wconf 85' lang='lat' dir='ltr'>ci.</span> <span class='ocrx_word' id='word_1_277' title='bbox 334 3931 427 3998; x_wconf 84' lang='lat' dir='ltr'>Barth,</span> <span class='ocrx_word' id='word_1_278' title='bbox 454 3931 496 3986; x_wconf 89' lang='lat' dir='ltr'>De</span> <span class='ocrx_word' id='word_1_279' title='bbox 522 3931 608 3986; x_wconf 84' lang='lat' dir='ltr'>lubae</span> <span class='ocrx_word' id='word_1_280' title='bbox 635 3911 827 4000; x_wconf 79' lang='grc' dir='ltr'><strong><em>ὁμοιότησιν</em></strong></span> <span class='ocrx_word' id='word_1_281' title='bbox 860 3945 878 3983; x_wconf 90' lang='lat' dir='ltr'>a</span> <span class='ocrx_word' id='word_1_282' title='bbox 903 3927 1054 3983; x_wconf 84' lang='lat' dir='ltr'>Plutarcho</span> <span class='ocrx_word' id='word_1_283' title='bbox 1082 3928 1218 3997; x_wconf 85' lang='lat' dir='ltr'>expressis</span> <span class='ocrx_word' id='word_1_284' title='bbox 1245 3927 1273 3979; x_wconf 92' lang='lat' dir='ltr'>in</span> 
     </span>
    </p>
   </div>
   <div class='ocr_carea' id='block_1_5' title="bbox 132 4014 1272 4175">
    <p class='ocr_par' dir='ltr' id='par_1_7' title="bbox 132 4014 1272 4175">
     <span class='ocr_line' id='line_1_34' title="bbox 132 4014 1272 4088; baseline -0.003 -15"><span class='ocrx_word' id='word_1_285' title='bbox 132 4017 346 4088; x_wconf 84' lang='lat' dir='ltr'>Quaestionibus</span> <span class='ocrx_word' id='word_1_286' title='bbox 370 4017 500 4073; x_wconf 85' lang='lat' dir='ltr'>Romanis</span> <span class='ocrx_word' id='word_1_287' title='bbox 523 4022 551 4073; x_wconf 92' lang='lat' dir='ltr'>et</span> <span class='ocrx_word' id='word_1_288' title='bbox 573 4018 600 4072; x_wconf 93' lang='lat' dir='ltr'>in</span> <span class='ocrx_word' id='word_1_289' title='bbox 618 4016 734 4072; x_wconf 88' lang='lat' dir='ltr'>Romulo</span> <span class='ocrx_word' id='word_1_290' title='bbox 759 4014 907 4086; x_wconf 88' lang='lat' dir='ltr'>Numaque.</span> <span class='ocrx_word' id='word_1_291' title='bbox 944 4014 1016 4071; x_wconf 82' lang='lat' dir='ltr'>Dies.</span> <span class='ocrx_word' id='word_1_292' title='bbox 1040 4016 1130 4085; x_wconf 83' lang='lat' dir='ltr'>inaug.</span> <span class='ocrx_word' id='word_1_293' title='bbox 1149 4014 1272 4083; x_wconf 80' lang='lat' dir='ltr'>Gotting.</span> 
     </span>
     <span class='ocr_line' id='line_1_35' title="bbox 133 4104 336 4175; baseline 0.01 -14"><span class='ocrx_word' id='word_1_294' title='bbox 133 4104 214 4163; x_wconf 74' lang='lat'><strong>1876.</strong></span> <span class='ocrx_word' id='word_1_295' title='bbox 248 4120 275 4175; x_wconf 94' lang='lat' dir='ltr'>p.</span> <span class='ocrx_word' id='word_1_296' title='bbox 292 4105 336 4163; x_wconf 76' lang='lat'>20.</span> 
     </span>
    </p>
   </div>
   <div class='ocr_carea' id='block_1_6' title="bbox 0 0 1410 4688">
    <p class='ocr_par' dir='ltr' id='par_1_8' title="bbox 0 0 1410 4688">
     <span class='ocr_line' id='line_1_36' title="bbox 0 0 1410 4688; baseline 0 0"><span class='ocrx_word' id='word_1_297' title='bbox 0 0 1410 4688; x_wconf 95' lang='lat' dir='ltr'> </span> 
     </span>
    </p>
   </div>
  </div>
 </body>
</html>
