2812 4688
598 323 811 391 ...26-

136 499 241 582 poium
267 497 427 563 Vestalem
452 517 523 561 cum
547 496 719 579 aliquando
744 496 837 562 cloum
861 496 1060 578 decessisset,
1096 505 1131 562 ut
1155 519 1272 581 aquam

37 652 39 659 a
137 623 176 667 ex
202 603 289 666 sorite
313 601 467 680 hauriret,
495 599 586 664 Tatio
611 622 683 682 rege
708 609 878 686 murspeeto
907 621 1015 666 arnone
1039 609 1071 666 et
1094 601 1273 686 eupiditate

138 707 204 770 eius
241 706 396 770 exarsisse
436 713 529 787 atmre
568 710 690 768 tautmu
730 706 830 769 amori
870 706 900 769 iu
946 705 1069 770 hostem
1115 705 1275 786 tribuisse,

138 817 173 874 ut
196 810 320 894 patriae
345 829 383 872 ae
406 806 486 872 (leae
503 806 564 871 ficte
583 808 700 873 violata
717 829 823 873 arecm
841 808 1000 894 proderet,
1035 829 1179 894 sperans,
1209 810 1275 874 sore

137 921 170 978 ut
193 932 273 976 uuor
296 912 379 993 regis
402 911 506 991 lieret,
536 933 555 974 a
578 910 667 975 Tatio
697 906 803 976 autein
831 914 863 976 in
889 932 995 976 arcem
1019 904 1154 997 recepto
1176 913 1275 978 inter-

139 1017 254 1080 l'eetam
280 1037 350 1080 eum
376 1035 454 1079 esse.

240 1119 308 1184 Tali
332 1118 427 1183 ruoilo
451 1118 650 1204 Propertium
677 1121 813 1203 prinmm
837 1119 980 1184 t'almlam
1003 1117 1158 1204 Tarpeiae
1183 1122 1275 1185 iusti-

137 1225 233 1289 tuisse
257 1232 352 1307 atque
375 1223 602 1303 conformasse,
626 1242 736 1287 omnes
760 1224 972 1288 consentiunt.
1019 1220 1139 1291 Taruen
1163 1244 1274 1308 super·

137 1348 311 1392 vacaneum
324 1346 387 1391 nou
399 1325 531 1406 vicletur,
548 1327 766 1410 ‹praestiouem
783 1334 989 1412 pertractare,
1002 1325 1086 1391 irride
1104 1326 1273 1391 eonsilium

138 1439 231 1514 atrpre
255 1430 393 1513 effigiem
418 1430 547 1494 l'almlae
571 1431 816 1496 eommutanclae
842 1432 994 1496 hauserit.
1043 1429 1143 1494 Recte
1167 1437 1273 1495 autem

138 1533 328 1599 Niebulrrius
346 1535 488 1620 posuisse
510 1532 635 1598 ricletur
658 1533 762 1613 (lilim.
783 1534 895 1600 Gesclr.
914 1533 936 1598 l.
953 1531 1048 1616 253J:
1076 1532 1153 1612 „Die
1177 1532 1275 1599 Dich-

138 1644 216 1719 tung·
251 1636 307 1702 cles
335 1636 519 1722 Propertius
553 1637 595 1700 ist
628 1637 698 1701 eine
732 1657 794 1702 rou
825 1637 936 1702 lroiner
963 1637 1045 1719 Sego
1075 1636 1274 1719 bereehtigte

136 1726 360 1822 llbertragung
383 1737 440 1805 der
462 1739 575 1824 Skylla
597 1757 658 1804 ren
683 1739 840 1822 llega1·a“.
892 1739 943 1805 Ad
969 1739 1054 1806 hane
1078 1741 1273 1806 sententiam

138 1862 174 1906 eo
198 1844 300 1925 magis
324 1841 475 1925 atlclneor,
499 1845 649 1927 quoniam
666 1851 762 1928 pocta
777 1846 809 1909 in
826 1844 886 1909 lroe
902 1845 971 1930 ipso
989 1843 1130 1909 carmine
1146 1842 1275 1928 Scyllae

138 1948 332 2012 uacationem
356 1946 447 2010 lieeit:

214 2048 270 2116 39:
295 2048 370 2133 cliricl
393 2052 506 2114 mirum
531 2051 564 2114 in
589 2052 709 2135 patrios
732 2049 873 2136 Scyllam
897 2052 1032 2116 saevisse
1055 2047 1199 2135 capillos,

295 2153 495 2237 candidaque
519 2155 552 2218 in
576 2174 687 2219 saeros
711 2156 842 2236 inguina
866 2175 957 2219 versa
981 2174 1075 2220 canes
1087 2151 1118 2236 ¹).

242 2257 418 2323 Plurimum
442 2264 548 2322 autem
576 2256 744 2322 adiurator
770 2255 935 2323 Niebuluii
964 2258 1121 2323 sententia
1148 2257 1273 2322 rationo

137 2369 321 2447 perspeeta,
355 2382 418 2444 epm
455 2359 585 2426 Ovidius
615 2362 828 2426 narrationem
863 2361 903 2426 cle
935 2361 1057 2445 Scylla,
1091 2358 1159 2426 Nisi
1195 2358 1273 2440 tilia,

242 2533 263 2602 ¹)
282 2531 454 2585 llauit'estmn
463 2533 505 2585 est
513 2530 683 2600 Propertium
692 2532 745 2585 lroe
754 2531 814 2585 loco
824 2531 970 2600 Vergilium
981 2530 1088 2587 unitari.
1113 2528 1273 2586 nautae:

290 2619 356 2688 <pud
376 2618 473 2688 leqrmr
491 2621 540 2672 aut
557 2617 674 2688 Scyllam
694 2617 760 2684 Nisi,
780 2635 861 2687 qrrrun
880 2618 953 2672 fauna
971 2622 1067 2672 secuta
1085 2619 1135 2683 cst,

291 2704 407 2759 carulula
424 2704 590 2759 sireoiuctam
611 2704 773 2760 latrantibus
792 2705 903 2774 inguina
921 2704 1048 2759 monstris

292 2791 433 2846 Dulichias
451 2807 565 2845 rorasse
584 2795 664 2858 rates,
684 2795 711 2845 et
730 2791 836 2861 gurgite
860 2792 885 2845 in
905 2791 962 2846 alto

291 2877 339 2931 ah!
359 2877 470 2932 tirnirlos
489 2884 587 2933 nautas
607 2879 720 2933 cambus
739 2878 874 2932 lacerasse
893 2879 1010 2933 urariuis.

137 2964 317 3019 t‘onlerantur
336 2967 479 3035 practerea
498 2964 628 3036 Lygclanri
647 2968 671 3032 4,
684 2967 731 3019 89:

398 3051 543 3129 Scyllaque
561 3052 707 3122 virgineam
726 3052 838 3107 oauibus
857 3053 997 3106 srrecineta
1015 3053 1127 3122 liguram

137 3140 164 3191 ot
182 3137 269 3191 Oriclii
291 3136 364 3194 Past.
380 3136 498 3194 1V.500:

372 3224 467 3295 effugit
485 3227 513 3278 et
531 3223 624 3296 Syrtes
642 3226 669 3279 et
687 3228 722 3293 tc,
742 3224 875 3280 Zanclaea
893 3225 1053 3296 Glmrylulis,

373 3315 400 3364 et
417 3328 474 3378 ros,
494 3311 593 3377 Nisaei,
611 3311 745 3382 naufraga
763 3315 892 3379 monstra,
912 3328 992 3366 canes

138 3400 166 3449 et
184 3398 241 3451 nm.
261 3397 307 3451 m.
324 3399 366 3464 12,
378 3399 426 3454 21:

360 3500 409 3554 per
427 3499 476 3538 uos
495 3483 587 3554 Scylla
604 3484 676 3554 patri
696 3501 779 3539 canos
799 3485 890 3539 furata
909 3483 1023 3555 capillos

363 3570 434 3639 pube
452 3570 550 3640 premit
567 3570 677 3625 rabidos
697 3570 905 3642 inguinibusque
924 3587 1012 3626 canes.

139 3654 166 3707 et
185 3652 291 3711 llelam.
310 3655 378 3712 XlV.
393 3659 440 3714 60:

294 3741 386 3813 Scylla
403 3743 484 3811 venit,
504 3744 646 3814 mediaque
664 3747 743 3799 tenus
762 3743 939 3799 cleseemlerat
958 3742 1028 3810 atro,

294 3845 355 3882 cum
374 3845 424 3883 sua
442 3829 547 3885 foedari
565 3829 730 3886 latrantibus
748 3830 860 3901 inguina
877 3831 1006 3885 monstris

293 3913 400 3983 aspicit.
484 3962 487 3967 .

140 3998 242 4054 Eadem
261 3999 295 4054 ‹le
313 3999 407 4070 fabula
425 4000 546 4074 loquitur
563 4002 721 4074 Propertius
739 4003 783 4062 lV.
801 4005 844 4070 19,
856 4004 903 4060 21:

347 4085 443 4160 Tuque
460 4105 477 4145 ο
494 4087 587 4146 Minoa
604 4091 768 4157 venundata,
787 4089 887 4162 Scylla,
906 4089 1001 4159 figura,

21 4148 23 4155 Ι
49 4164 59 4179 “
80 4170 83 4175 ’
118 4196 127 4211 =
345 4172 464 4259 leudem
481 4192 620 4249 purpurea
635 4194 720 4249 regna
737 4180 853 4250 paterna
869 4192 949 4232 coma
966 4178 1017 4233 ete.

21 4158 512 4422 ra
810 4325 814 4331 ·
