2812 4688
544 339 759 408 ..43-

552 635 653 754 Cap.
684 635 748 729 lV.

383 815 435 881 ne
456 813 542 882 Jove
565 813 739 882 Feretrio.
784 813 829 899 (c.
846 815 917 899 lo.)

184 970 357 1037 Romulum
379 969 451 1035 Jovi
467 967 611 1035 Feretrio
634 968 792 1055 templum
814 968 1006 1052 condidisse,
1028 988 1089 1055 quo
1112 971 1218 1057 spolia
1293 1010 1296 1015 .

69 1076 192 1162 opima
224 1076 258 1139 in
292 1080 460 1141 aeternum
493 1077 772 1154 conservarentur,
805 1073 890 1138 inter
916 1093 1027 1140 omnes
1054 1074 1217 1140 Romanos

69 1177 263 1246 constabat.
308 1176 429 1243 Tamen
457 1196 560 1260 neque
587 1196 687 1242 causa
715 1184 811 1261 atque
838 1178 927 1261 origo
955 1178 1130 1265 spoliorum
1157 1200 1217 1245 nec

67 1287 123 1352 vis
154 1290 189 1350 et
215 1283 377 1350 sententia
404 1281 604 1364 cognominis
627 1278 796 1361 „Feretrii“
824 1300 953 1367 prorsus
979 1283 1013 1347 in
1046 1283 1216 1369 propatulo

67 1395 158 1456 erat.
194 1386 300 1471 Atque
323 1385 428 1472 spolia
450 1385 561 1470 opima
583 1403 622 1448 ea
644 1403 723 1466 esee,
746 1404 828 1467 quae
844 1382 909 1450 dux
924 1384 999 1450 duci
1014 1384 1216 1468 detraxisset,

69 1493 260 1560 communis
283 1491 391 1577 opinio
407 1489 541 1555 ferebat.
580 1486 618 1552 ln
640 1487 724 1553 hanc
747 1490 941 1555 sententiam
955 1489 1095 1573 loquitur
1108 1489 1216 1555 Livius

68 1595 134 1664 lv.
152 1593 207 1679 20,
223 1593 258 1662 6:
287 1615 344 1675 „ea
371 1595 431 1659 rite
458 1593 568 1678 opima
594 1590 699 1676 spolia
725 1590 899 1673 habentur,
934 1613 1016 1677 quac
1043 1591 1109 1658 dux
1142 1591 1216 1659 duci

68 1700 249 1768 detraxit«.
295 1697 375 1763 Cum
407 1715 445 1763 eo
474 1698 659 1782 conspirare
687 1693 831 1763 videmus
856 1695 1064 1762 Plutarchum
1091 1697 1217 1762 Romul.

65 1808 130 1873 vit.
149 1802 207 1871 16:
236 1799 414 1888 »αὐτουργῷ
441 1796 478 1866 δὲ
500 1798 664 1884 ἀριστείας
686 1799 849 1887 στρατηγῷ
872 1798 1045 1887 στρατηγὸν
1067 1798 1218 1867 ἀνελόντι

67 1909 211 1976 δέδοται
246 1907 445 1990 καθιέρωσις
480 1903 642 1987 ὀπιμίων“
680 1911 712 1969 ct
748 1903 895 1970 Marcelli
939 1906 1005 1970 vita
1038 1926 1065 1972 c.
1099 1903 1135 1970 8:
1181 1903 1218 1986 „d

65 2015 189 2099 μέντοι
210 2006 316 2084 notris
339 1994 433 2085 οὗτος
460 2006 630 2093 ἐπικρατεῖ
651 2006 747 2091 λόγος
773 2007 818 2083 ὥς
846 2006 980 2073 suemus
1005 2007 1116 2092 μόνων
1142 2008 1217 2075 dno·

65 2117 160 2202 μίων
181 2111 283 2183 ὄντων
306 2111 370 2181 ὅσα
391 2111 446 2177 καὶ
467 2108 680 2197 παρατάξεως
702 2109 805 2197 οὔσης
826 2111 881 2176 καὶ
902 2113 1027 2197 πρῶτα,
1047 2112 1102 2179 καὶ
1125 2131 1216 2198 στρα-

64 2219 177 2307 τηγοῦ
209 2215 382 2306 στρατηγόν
420 2214 621 2290 ἅτελόντσς“.
676 2217 786 2283 Etiam
813 2216 929 2284 Festus
955 2216 1068 2285 Verrio
1095 2218 1216 2286 Flacco

68 2332 210 2394 auctore
243 2322 286 2389 ad
321 2323 404 2389 hanc
438 2323 631 2389 sententiam
659 2323 796 2388 accessit
805 2321 846 2406 1);
873 2329 984 2388 tamen
1017 2323 1124 2389 facere
1151 2343 1216 2389 non

66 2430 192 2516 potuit,
220 2429 297 2513 quin
320 2426 471 2515 proderet
492 2426 647 2492 Varronis
670 2426 851 2493 doctrinam
873 2447 904 2512 p.
922 2423 999 2491 186:
1034 2426 1092 2508 „ot
1113 2426 1217 2493 Varro

70 2535 124 2600 ait
147 2533 258 2618 opima
279 2531 386 2618 spolia
408 2551 477 2597 csse
501 2531 599 2596 etiam
623 2532 649 2596 si
672 2530 885 2616 manipularis
908 2530 1001 2597 miles
1029 2529 1215 2614 detraxerit,

72 2634 253 2703 dummodo
277 2634 351 2699 duci
374 2635 541 2702 hostium«.
575 2633 676 2699 Addit
699 2640 817 2716 autem,
840 2634 920 2700 hacc
936 2634 1092 2701 eiusmodi
1111 2635 1217 2722 spolia

76 2759 164 2824 „non
188 2739 230 2805 ad
253 2738 389 2806 Feretrii
412 2741 489 2826 poni
518 2738 646 2822 aedem,
674 2740 858 2804 testirrronio
886 2758 956 2806 csse
983 2738 1084 2804 libros
1106 2738 1216 2805 Ponti·

71 2844 203 2911 licum«.
248 2842 369 2910 Tamen
402 2862 467 2908 non
501 2842 681 2929 putandum
715 2849 773 2926 cst,
806 2843 944 2909 Varroni
977 2843 1142 2926 vulgarem
1176 2843 1216 2909 de

70 2948 190 3036 spoliis
212 2949 398 3034 opinionem
420 2949 566 3030 ignotam
580 2947 688 3030 luisse,
712 2945 768 3013 scd
791 2967 862 3012 eum
886 2947 926 3012 dc
950 2946 1074 3014 duobus
1097 2948 1215 3034 spolio-

69 3072 149 3120 rum
164 3052 335 3134 gencribus
350 3051 537 3119 disseruisse
553 3051 784 3139 suspicandum
806 3058 863 3119 cst.
898 3051 1083 3139 Propertius
1106 3059 1215 3119 autem

70 3177 150 3224 cum
174 3157 326 3223 carminis
348 3159 511 3243 prooemio
533 3159 735 3244 pronuntiat:

230 3257 324 3326 Nunc
349 3261 438 3328 lovis
459 3263 614 3347 incipiam
637 3281 752 3328 causas
775 3263 901 3348 aperire
922 3259 1058 3344 Feretri,

236 3384 388 3447 armaque
411 3363 452 3430 de
474 3362 636 3431 ducibus
659 3367 764 3431 trina
786 3371 918 3451 recepta
940 3364 1068 3431 tribus

72 3469 158 3537 satis
181 3465 322 3533 dilucide
345 3466 516 3550 significat,
540 3487 574 3533 se
590 3467 632 3533 ad
652 3487 706 3534 eos
722 3467 836 3550 redire,
859 3471 912 3552 qui
935 3474 1062 3536 tantum
1086 3475 1133 3534 ter
1155 3468 1214 3536 illa

72 3571 183 3660 spolia
205 3578 300 3658 parta
323 3592 392 3638 csse
415 3571 599 3656 referunt.)

76 3694 286 3706 ..—

181 3741 205 3811 1)
223 3758 251 3813 p.
270 3743 333 3798 186:
363 3742 451 3806 „unde
478 3741 567 3811 spolia
593 3756 701 3813 qnoque
729 3758 799 3813 quae
826 3742 881 3795 dux
899 3741 928 3798 P.
947 3741 979 3797 R.
1006 3742 1068 3797 duci
1095 3744 1213 3798 hostium

74 3829 205 3985 detrmul)
216 3869 254 3968 ln
273 3915 366 3969 eadem
385 3914 521 3970 sententia
539 3918 679 3970 versantur
697 3914 877 3981 Liviusl.10,
893 3916 921 3968 7:
947 3916 1026 3980 ,bina
1048 3919 1146 3984 postea
1165 3918 1213 3986 [sc.

79 4003 147 4071 post
164 3999 319 4072 Romulum]
338 4002 408 4056 inter
425 4003 468 4055 tot
486 4016 580 4067 annos,
598 4004 641 4055 tot
658 3999 730 4056 bella
741 4001 833 4070 opima
851 4005 931 4071 parta
949 4004 1013 4056 sunt
1031 4001 1131 4071 spolia:
1144 4002 1213 4058 adeo

77 4121 144 4160 rara
170 4104 227 4160 eius
255 4105 365 4161 fortuna
393 4106 497 4161 decoris
525 4105 603 4173 iuit“,
629 4104 790 4160 Plutarchus
809 4105 885 4165 Rom.
898 4122 923 4162 v.
936 4105 977 4174 16,
992 4106 1037 4163 15:
1055 4089 1120 4156 Καὶ
1132 4091 1215 4175 τρισὶ
