2812 4688
528 332 743 401 ,45-

56 526 120 593 καὶ
145 523 332 602 κατιδόντες
358 524 522 613 ἀλλήλους
543 524 789 609 προιῗκαλοῦντο
811 521 998 607 μάχεσθαι,
1030 525 1093 591 τοῖν
1116 542 1205 608 στρα-

55 628 231 715 caeparum
255 626 290 697 ἐν
311 636 377 706 τοῖς
399 628 518 706 ὅπλοις
540 625 772 716 ἀτρεμούντων.
804 626 997 712 Εάξάμενος
1018 611 1079 695 οὖν
1101 629 1122 696 o‘
1133 629 1206 693 ‘Prn-

52 731 170 819 μύλος
192 732 222 800 el
243 731 417 821 κρατήσειε
437 734 493 800 καὶ
514 732 705 819 καταβάλοι,
732 756 774 821 τῳ
798 733 854 800 Διὶ
881 736 990 819 φέρων
1018 731 1206 820 ἀναθήσειν

54 834 166 915 «ivor
189 834 229 905 τά
255 834 346 905 ὅπλα
371 838 429 904 τοῦ
455 836 583 923 ἀνδρός,
611 836 710 905 αὐτόν
740 861 775 905 τε
807 835 1002 923 καταβάλλει
1033 835 1205 927 κρατήσας.

53 942 235 1026 Similiter,
258 940 402 1008 sednon
428 962 558 1029 prorsus
581 945 784 1009 consentiens
806 964 879 1009 cum
902 942 1084 1025 Plutarcho,
1107 943 1206 1010 tradit

52 1046 251 1135 Propertius
271 1068 300 1113 v.
318 1044 375 1112 13:

105 1150 202 1245 hunc¹
216 1148 306 1216 videt
328 1158 405 1216 ante
428 1171 525 1217 cavas
547 1151 719 1217 librantem
743 1151 869 1238 spicula
891 1157 993 1217 turres

104 1254 264 1322 Romulus
287 1262 320 1321 et
341 1256 424 1320 votis
447 1260 585 1341 occupat
608 1262 684 1321 ante
706 1257 795 1321 ratis.

105 1357 293 1445 „luppiter‚
322 1357 417 1423 haec
439 1357 535 1425 hodie
558 1359 617 1425 tibi
639 1360 797 1425 victima
819 1367 973 1425 corruet
995 1357 1117 1424 Acron“
1130 1358 1150 1439 ¹)

104 1468 255 1529 voverat:
279 1467 311 1527 et
333 1461 471 1547 spolium
494 1464 611 1529 corruit
635 1463 689 1528 ille
709 1462 791 1529 lori.

50 1566 136 1635 Hoc
158 1571 266 1634 autem
289 1564 501 1653 spectandum
525 1573 587 1648 est,
615 1573 747 1653 poetam
769 1567 849 1633 nihil
877 1566 918 1632 de
941 1568 1117 1633 certamine
1140 1567 1204 1633 sin-

52 1670 183 1755 gulari,
206 1670 295 1736 onius
317 1668 508 1736 Plutarchus
531 1673 725 1737 mentionem
749 1671 837 1753 facit,
860 1692 1001 1738 narrare.

170 1772 286 1857 Pugna
307 1774 473 1860 explicata
495 1782 592 1860 poeta
607 1774 777 1841 Romulum
801 1777 933 1842 summis
948 1775 1098 1842 laudibus
1121 1774 1205 1840 cele-

54 1874 283 1946 branensi:

192 1981 314 2064 „urbis
335 1983 571 2068 virtutisque
598 2003 741 2070 parens
764 1985 810 2050 sic
832 1986 960 2051 vincere
983 1983 1100 2050 suevit“

56 2085 183 2155 eadem
205 2087 367 2152 sententia
389 2093 485 2170 atque
508 2086 688 2154 elocutione
711 2090 819 2171 utitur,
843 2109 907 2173 qua
928 2087 1036 2155 Livius
1059 2087 1083 2155 Ι.
1101 2085 1152 2169 16,
1168 2085 1203 2152 3:

58 2210 193 2275 „regem
215 2197 493 2276 parentemque
515 2191 621 2258 urbis
644 2191 810 2259 Romanae
834 2193 957 2259 salvere
979 2193 1118 2258 universi
1140 2191 1204 2257 Ro-

57 2294 189 2361 mulum
211 2294 349 2360 iubent«.
437 2281 440 2285 ἢ

171 2396 251 2463 Cum
275 2404 383 2463 autem
411 2397 531 2463 iudicet
553 2397 724 2464 Romulum
753 2401 811 2466 tali
840 2401 999 2467 modestia
1027 2422 1066 2466 ac
1087 2400 1204 2465 virtute

60 2504 183 2584 tuisse,
210 2507 245 2567 ut
268 2522 341 2568 eum
363 2520 427 2565 non
450 2500 586 2587 puderet
608 2503 726 2567 rustico
749 2503 862 2569 habitu
890 2506 923 2570 in
949 2505 1107 2591 proelium
1131 2524 1204 2590 pro-

60 2606 183 2673 ficisci:

286 2699 319 2757 et
341 2691 437 2775 galea
460 2690 590 2756 hirsutis
613 2700 744 2778 compta
766 2692 880 2780 lupina
900 2693 982 2760 iubis

60 2798 210 2882 sequitur
231 2795 409 2878 Vergilium
433 2795 513 2860 Aen.
531 2792 555 2862 Ι.
571 2792 663 2861 275ε·

224 2899 299 2965 inde
322 2899 420 2986 lupae
443 2899 530 2967 fulvo
553 2901 685 2966 nutricis
708 2902 849 2983 tegmine
871 2901 976 2967 laetus

223 3004 377 3070 Romulus
400 3005 541 3091 excipiet
562 3010 691 3088 gentem
715 3012 749 3072 et
770 3005 929 3071 Mavortia
952 3004 1068 3071 condet

222 3109 350 3174 moenia
373 3107 467 3192 etc.²)

170 3229 284 3296 Altera
321 3229 427 3315 spolia
460 3228 591 3296 Cossum
626 3231 660 3296 in
692 3230 781 3296 Veiis
815 3230 1042 3318 oppugnandis
1080 3231 1204 3317 cepisse

62 3354 177 3401 omnes
200 3333 342 3400 tradunt.
388 3330 500 3417 Itaque
522 3340 608 3399 recte
631 3333 830 3421 Propertius:

63 3527 272 3535 --—-—-.—..-

170 3664 191 3731 ¹)
210 3662 329 3733 Dignum
347 3662 452 3717 videtur
471 3664 543 3733 qnod
567 3668 796 3731 commemoretur,
820 3665 888 3719 haec
907 3662 1012 3718 Romuli
1033 3665 1115 3720 rerba
1138 3665 1202 3720 mire

63 3764 214 3819 congruere
226 3765 287 3803 cum
300 3749 412 3804 Liviana
430 3750 552 3805 oratione
569 3751 657 3818 Cossi,
675 3751 721 3822 qui
740 3751 794 3806 hoc
812 3753 875 3805 ante
893 3767 1011 3822 pugnam
1030 3753 1201 3821 pronuntiat:

65 3838 138 3901 „iam
156 3852 206 3906 ego
225 3837 311 3890 hanc
330 3839 476 3892 mactatam
495 3837 675 3903 victimam,
695 3837 811 3892 simodo
824 3838 911 3892 sancti
927 3839 1071 3909 quicquam
1084 3839 1110 3893 in
1124 3839 1203 3894 terris

63 3941 128 3980 esee
149 3923 185 3977 dii
205 3922 307 3989 volunt,
326 3923 477 3994 legatorum
493 3924 618 3980 manibus
632 3924 729 3981 dabo“.

170 4010 191 4076 ²)
211 4008 245 4063 ct.
259 4008 336 4079 Verg.
352 4012 417 4071 Aen.
430 4009 486 4067 Vll.
499 4010 564 4065 688:
582 4009 725 4082 fulvosque
743 4010 799 4081 lupi
820 4012 853 4066 rie
871 4013 942 4083 pello
959 4011 1064 4082 galeros

427 4100 533 4165 tegmen
552 4097 654 4153 habent
671 4097 764 4169 capiti.
