2812 4688
536 302 751 371 ,49-

555 595 657 714 Cap.
687 594 731 688 V.

283 762 592 904 Deltomauorum
618 804 839 886 antiquitate.
886 799 931 885 (c.
954 802 1000 887 I.)

176 1010 327 1078 Carmine
350 1012 464 1099 primo,
487 1010 571 1096 quod
587 1018 685 1099 poeta
700 1012 790 1095 quasi
807 1009 975 1097 prologum
990 1011 1088 1076 totius
1105 1013 1211 1097 operis

52 1136 143 1185 esse
164 1115 276 1203 voluit,
299 1137 340 1182 ex
362 1116 476 1200 quibus
496 1117 673 1199 originibus
689 1122 722 1181 et
737 1117 837 1181 initiis
853 1122 924 1181 orta
940 1115 1124 1200 respublica
1146 1116 1209 1181 Ro-

55 1240 173 1287 mana
195 1218 239 1285 ad
260 1241 420 1286 summam
435 1222 615 1307 potentiam
631 1240 802 1307 progressa
824 1222 875 1304 sit,
899 1219 1107 1287 demonstrat.
1146 1220 1212 1286 lta-

55 1344 134 1411 que
157 1324 302 1411 explicat
329 1324 481 1408 formam,
515 1326 678 1407 instituta,
712 1326 846 1391 virtutes
870 1327 1112 1409 antiquissimae
1136 1326 1212 1390 civi-

55 1429 159 1512 tatis,
182 1448 222 1495 ea
243 1430 353 1495 omnia
366 1429 497 1511 eligens
520 1436 552 1495 et
575 1447 760 1511 congerens,
784 1427 899 1512 quibus
922 1430 1063 1493 maxime
1085 1436 1209 1495 veteres

57 1530 408 1610 Romanifioruerint.
420 1531 443 1616 ¹)
488 1531 568 1598 (lum
596 1539 704 1598 autem
732 1539 858 1598 tantum
887 1533 1019 1618 propria
1048 1551 1086 1597 ac
1113 1553 1212 1616 pecu-

58 1739 253 1807 ficillimum
290 1741 471 1825 exquirere,
516 1740 630 1825 quibus
669 1741 853 1806 auctoribus
890 1747 989 1825 poeta
1025 1741 1120 1805 nixus
1158 1741 1208 1806 sit.

60 1842 183 1911 Multis
217 1844 313 1927 igitur
346 1845 426 1911 locis
462 1844 555 1910 nobis
590 1847 668 1911 satis
695 1843 891 1930 habendum
915 1847 976 1910 erit
992 1862 1211 1933 cognoscere,

60 1947 185 2033 quibus
207 1947 302 2014 rebus
327 1969 400 2015 cum
423 1948 496 2015 aliis
519 1948 728 2035 scriptoribus
756 1951 933 2035 conspiret,
962 1949 1076 2035 quibus
1099 1948 1140 2014 ab
1165 1949 1211 2013 eis

60 2051 250 2119 dissentiat.

173 2154 281 2221 Primo
307 2156 378 2222 loco
405 2162 503 2243 poeta
529 2159 748 2242 exposituruS,
783 2178 865 2241 quae
895 2164 1012 2222 natura
1045 2157 1141 2222 fuerit
1171 2177 1210 2223 ac

61 2259 175 2326 forma
201 2261 392 2326 veterrimae
419 2258 557 2342 Romae,
586 2267 662 2327 ante
689 2259 821 2327 Aeneae
849 2267 990 2348 aetatem
1016 2261 1095 2326 nihil
1122 2261 1209 2328 urbis

64 2363 176 2429 simile
199 2364 360 2430 exstitisse
381 2361 519 2430 iudicat:
616 2430 618 2435 .

176 2467 247 2551 hoc,
270 2467 479 2552 quodcunque
501 2467 601 2551 vides,
620 2462 751 2555 hesper,
774 2488 837 2552 qua
860 2469 1003 2533 maxima
1024 2468 1167 2552 Romast,

176 2578 251 2638 ante
273 2571 432 2658 Phrygem
455 2571 588 2638 Aenean
613 2571 706 2638 collis
729 2578 761 2637 et
783 2570 884 2637 herba
906 2571 974 2637 fuit.

66 2674 194 2742 Tamen
216 2696 257 2741 ex
279 2676 339 2741 hoc
362 2694 426 2741 non
450 2674 668 2758 colligendum
690 2681 749 2759 est,
772 2674 973 2762 Propertium
994 2697 1066 2742 eam
1087 2677 1210 2762 opinio·

66 2800 146 2845 nem
165 2786 309 2846 secutum
324 2800 403 2863 esse,
421 2801 503 2864 quae
522 2781 640 2862 legitur
656 2779 744 2867 apud
759 2779 891 2845 Festum
906 2801 937 2865 p.
953 2777 1032 2845 266:
1057 2779 1210 2861 „Romam

67 2882 274 2971 appellatam
290 2901 358 2951 esse
378 2884 545 2971 Cephalon
562 2883 746 2968 Gergithius
767 2882 836 2967 (qni
860 2882 899 2948 de
923 2882 1063 2949 adventu
1078 2885 1208 2950 Aeneae

67 2990 103 3054 in
126 2985 255 3054 ltaliam
271 2988 396 3054 videtur
412 2989 653 3074 conscribsisse)
671 2991 717 3054 ait
733 2987 775 3053 ab
790 2988 918 3052 homine
934 2987 1075 3071 quodam
1091 2990 1207 3054 comite

66 3092 209 3158 Aeneae.
255 3113 328 3158 eum
351 3094 437 3163 enim
460 3100 618 3179 occupato
642 3099 750 3158 monte
773 3093 825 3176 qui
848 3110 934 3156 nunc
957 3089 1103 3157 Palatius
1126 3091 1206 3157 dici-

65 3204 135 3279 tnr,
171 3195 283 3261 urbem
310 3195 491 3263 condidisse
519 3204 615 3281 atque
643 3217 716 3262 eam
741 3195 877 3261 Romam
906 3196 1116 3277 nominasse“,
1151 3195 1207 3261 sed

172 3384 193 3451 ¹)
212 3383 328 3438 Maxime
346 3401 381 3438 ex
399 3384 451 3438 hoc
466 3385 591 3451 carmine,
610 3401 672 3439 cum
683 3401 737 3438 non
751 3383 880 3453 praebeat
892 3383 1074 3438 continentem
1096 3400 1128 3438 ac
1146 3401 1206 3454 per·

65 3472 180 3540 petuam
206 3470 401 3539 narrationem,
430 3470 477 3525 sed
504 3471 733 3526 enumerationem
760 3469 927 3540 singularum
954 3485 1055 3536 rerum,
1083 3471 1206 3526 nonnulli

66 3559 256 3626 argumentum
274 3557 442 3627 petiverunt,
467 3573 520 3628 quo
540 3559 724 3613 demonstrare
743 3557 924 3624 conabantur,
949 3556 1050 3627 elegias
1069 3557 1206 3613 Romanas

65 3643 234 3714 interruptas
261 3648 288 3698 et
315 3634 477 3714 dissipatas,
506 3645 621 3715 ideoque
647 3643 820 3714 imperfectas
847 3660 914 3702 esse.
950 3643 1081 3711 Quodne
1105 3645 1131 3698 in
1153 3645 1206 3699 hoc

65 3729 176 3802 quidem
195 3747 302 3785 emman
321 3731 403 3787 cadit.
430 3731 500 3786 Nam
518 3747 600 3803 quam
618 3730 738 3785 dilucida
750 3730 786 3785 sit
798 3731 929 3785 orationis
948 3730 1105 3800 ‹lescrIptio,
1124 3747 1206 3802 quam

66 3819 127 3872 arte
145 3817 309 3872 cohaereant
326 3819 450 3890 singulae
468 3818 626 3884 sententiae,
644 3816 794 3872 docuerunt
807 3815 961 3872 Krahuerus
978 3817 1075 3876 Philol.
1093 3823 1158 3875 tom.
1171 3821 1205 3875 27

65 3906 158 3975 (1868)
176 3921 203 3975 p.
221 3905 256 3961 63
274 3907 301 3958 et
319 3905 465 3961 Braudtius
478 3923 504 3977 p.
517 3909 564 3971 353
583 3905 677 3976 paucis
696 3906 802 3957 tantum
820 3902 887 3959 locis
906 3904 973 3959 ordo
992 3913 1118 3960 versuum
1131 3904 1203 3959 vide·

65 3994 112 4045 tur
138 3991 321 4046 immutandus
348 4009 416 4060 esse,
443 3993 477 4051 cf.
496 3992 570 4060 Otto,
593 3992 621 4045 in
640 3990 786 4045 Oomurent.
810 3990 903 4060 philol.
931 3992 958 4044 in
980 3991 1111 4046 honorem
1130 3991 1204 4045 Reif-

65 4077 229 4144 ferscheidii,
250 4078 358 4137 Vratisl.
378 4081 454 4148 1884,
473 4098 498 4152 p.
519 4083 552 4138 10
569 4082 620 4135 etc.

1030 4184 1048 4236 4
