2812 4688
522 321 735 391 -15„.

59 525 92 584 et
116 515 181 584 us
204 515 289 599 (lin.)
312 550 354 559 -
378 515 532 579 allocutio
557 514 599 581 au
622 515 792 580 Herculem
816 540 870 578 —-:

217 643 338 718 sancte,
363 643 466 718 pater,
491 636 589 718 salue,
614 638 665 700 cui
689 638 754 700 iam
782 636 870 700 lauet
893 653 1009 718 aspera
1032 635 1131 700 luno:

216 747 337 822 sancto,
360 740 439 805 velis
461 740 543 804 libro
566 738 679 804 deuter
705 741 809 804 inesse
836 757 917 822 meo,

217 844 300 909 lrune
324 845 476 926 quoniam
499 843 647 909 manibus
670 851 841 926 purgatum
866 850 1020 908 sanxerat
1043 845 1162 921 orbern,

216 949 262 1012 sic
285 947 439 1014 Sanctum
461 945 572 1013 Tatiae
597 965 802 1029 composuere
829 946 936 1014 Cures

60 1085 142 1151 nihil
166 1086 229 1150 nisi
251 1086 355 1151 forma
371 1085 595 1168 conclusionis,
613 1104 677 1167 qua
692 1085 876 1168 Propertius
897 1107 972 1151 usus
988 1093 1045 1167 est,
1061 1087 1197 1151 l'ortasse

62 1191 239 1272 respiciens
263 1189 306 1254 ad
328 1189 561 1255 Callimachum
586 1190 637 1272 (fr.
655 1187 746 1272 12tl):

216 1334 308 1410 χαῖρε
330 1328 551 1411 saporatum,
575 1325 728 1391 ἕπίτακτα
749 1323 811 1410 μὲν
835 1324 927 1404 secta
950 1325 1035 1407 δοιά,

218 1428 253 1495 ἐκ
277 1427 524 1516 δῖαὕταγρεσίης
545 1428 688 1495 πολλάκι
711 1428 819 1496 πολλὰ
841 1428 964 1513 narrar.

59 1570 177 1651 quibus
200 1569 319 1635 uerbis
357 1568 489 1651 aliquod
527 1590 657 1635 carmen
696 1570 881 1635 conclusum
917 1570 1015 1636 fuisse
1054 1567 1196 1636 Naelnns

59 1672 197 1756 (Hecale
220 1691 251 1755 p.
267 1670 345 1756 273)
369 1675 558 1756 suspicatur.

165 1792 323 1871 Quoniam
358 1793 400 1860 ad
435 1795 549 1876 prioris
587 1796 688 1877 partis
725 1793 822 1859 tinem
859 1796 1004 1877 [terreni
1039 1816 1197 1860 summam

62 1898 168 1965 lacere
193 1897 271 1963 mihi
294 1897 402 1964 liceat.
447 1900 553 1980 Atque
576 1898 636 1962 hoc
659 1905 746 1981 puto,
769 1897 970 1980 Propertium
987 1897 1029 1962 all
1052 1899 1197 1964 earmina

60 2001 209 2067 Romana
231 2001 405 2084 pangenda
428 2022 597 2067 accensum
622 2022 690 2068 esse
719 2021 775 2067 sno
803 1996 931 2084 ingenio
960 2023 999 2067 ac
1021 2003 1196 2085 voluntate,
1273 2060 1277 2067 .

59 2108 197 2173 fortasse
221 2108 319 2172 etiam
334 2105 468 2187 Vergilii
492 2113 523 2171 et
539 2105 655 2171 Tibulli
679 2114 845 2189 poetarum
870 2106 1033 2189 exemplo,
1060 2107 1196 2173 formam

57 2218 170 2277 autem
193 2211 372 2275 carminum
396 2232 416 2276 a
439 2212 591 2292 magistro
616 2230 672 2276 suo
696 2211 895 2276 Callimacho
929 2231 1003 2274 eum
1025 2209 1196 2296 depromp-

56 2301 156 2380 sisse.¹
195 2311 288 2379 Nunc
311 2322 439 2379 transeo
464 2312 506 2379 acl
529 2314 655 2395 singula
679 2313 911 2396 persequenda.
