2812 4688
522 339 735 405 ..13-

55 536 244 602 inscribitur
267 532 445 619 „Cydippe“
469 532 567 618 plane
591 529 837 594 cleruonstratur.
882 527 982 593 Facio
1004 530 1103 611 igitur
1122 553 1195 597 cum

56 638 264 721 Schneidero‚
281 658 353 702 cum
370 635 468 718 dicat,
483 634 686 720 Propertium
700 633 863 717 Lynceum
879 634 1019 698 amicum
1042 633 1084 698 ad
1099 636 1195 702 Aetia

55 741 219 810 imitanda
241 739 421 822 incitare3¹)
436 739 567 804 minime
591 744 699 802 autern
722 735 874 801 hocloco
898 738 1050 820 cogimur,
1073 740 1194 822 elegias

58 847 236 913 amatorias
260 867 280 911 a
302 844 502 911 Callimacho
527 841 724 907 aliiudicare.

162 948 232 1015 Hoc
255 956 363 1015 autem
385 947 560 1014 tenendum
582 952 640 1028 cst,
664 945 785 1026 elegias
808 946 983 1011 amatorias
1003 946 1195 1014 Callimachi

58 1054 101 1120 ab
125 1053 229 1119 Aetiis
262 1075 302 1119 ea
335 1074 369 1118 re
404 1050 547 1132 differre,
582 1047 667 1131 quod
701 1048 766 1114 illis
798 1056 894 1134 poeta
927 1052 1137 1132 cogitationes
1164 1062 1197 1120 ct

59 1158 195 1224 affectus
211 1177 284 1223 suos
299 1155 476 1239 mandavit,
501 1153 642 1235 adquae
659 1151 855 1239 explicanda
874 1153 1019 1237 fortasse,
1036 1157 1194 1238 quomodo

59 1283 81 1328 a
103 1261 269 1348 Propertio
293 1261 362 1326 fieri
384 1258 544 1340 ridemus,
568 1257 719 1342 exempla
746 1277 786 1321 cx
814 1257 1008 1338 antiquitate
1031 1263 1195 1347 repetivit;

57 1367 165 1431 Aetiis
181 1371 290 1430 autem
309 1365 447 1445 origines
471 1361 662 1448 populorum
690 1360 817 1425 urbium
845 1380 1010 1427 sacrorum
1033 1368 1196 1449 exposuit3

59 1488 198 1551 quarum
220 1490 294 1533 cum
316 1468 475 1552 plurimae
498 1469 532 1530 in
555 1486 589 1530 rc
618 1467 777 1530 amatoria
799 1474 1016 1550 remorentur,
1040 1466 1109 1534 fieri
1132 1488 1196 1534 non

59 1574 176 1660 potuit,
200 1574 279 1654 quin
302 1572 405 1637 multa
427 1571 573 1635 carmina
597 1570 739 1655 speciem
767 1571 945 1635 carminum
968 1574 1197 1638 aruatoriorum

59 1675 241 1743 induerent.
286 1674 390 1752 Quare
413 1674 615 1760 Propertium
638 1675 671 1738 in
695 1673 806 1755 elegiis
834 1676 1000 1741 amatoriis
1029 1685 1196 1760 utrumque

60 1779 255 1847 Callimachi
277 1799 377 1860 genus
401 1778 596 1862 spectavisse
620 1783 707 1864 puto,
723 1778 757 1841 in
773 1777 884 1859 elegiis
900 1779 1054 1846 Romanis
1070 1788 1196 1848 tanturn

63 1885 158 1951 hetia
170 1904 244 1949 eum
254 1889 400 1948 secutum
411 1903 480 1948 esse
486 1881 659 1947 verisimile
673 1887 730 1945 est.
754 1879 913 1947 Nimirum
925 1890 1022 1969 poeta
1033 1884 1196 1952 Romanus

59 1990 94 2054 in
109 1988 276 2054 Aetiorum
292 1988 488 2069 argumentis
511 1987 570 2050 niti
592 2005 657 2050 non
679 1986 797 2071 potuit:
822 2007 898 2052 nam
915 1987 969 2053 ille
993 1989 1195 2075 Romanas2),

63 2145 269 2154 ---.--——-

168 2211 186 2278 ¹)
204 2208 264 2264 Hoc
282 2208 429 2278 praecipue
451 2206 714 2261 commemorandum
737 2211 791 2270 cst3
820 2224 882 2262 uam
906 2209 1055 2266 Guilelmus
1079 2213 1197 2282 Longius

59 2313 227 2370 quamquam
246 2296 279 2350 de
297 2294 456 2350 Callimachi
475 2293 561 2347 Aetiis
579 2293 666 2347 multa
684 2295 888 2349 accuratissime
895 2296 1065 2367 disputarit,
1091 2300 1117 2352 iu
1136 2300 1197 2369 ipso

60 2401 102 2452 eo,
120 2384 197 2455 quod
214 2383 250 2438 ad
267 2386 389 2437 nostram
413 2381 599 2453 quaestionem
623 2381 799 2435 dirimendam
823 2383 1011 2451 gravissimum
1030 2389 1079 2452 cst,
1109 2404 1198 2440 errare

62 2471 178 2526 radetur.
215 2470 283 2525 Cum
293 2470 363 2524 enim
373 2467 408 2522 ad
418 2466 547 2538 Scaligeri
559 2468 720 2522 senteutiam
730 2469 764 2523 ab
775 2470 897 2524 omnihus
908 2470 962 2524 fere
973 2471 1062 2527 adhuc
1071 2474 1198 2527 reiectam

60 2560 199 2613 revertens
221 2557 250 2614 l'.
272 2557 306 2611 32
336 2554 507 2626 negationem
530 2571 583 2608 nou
612 2554 646 2608 ad
666 2555 785 2618 „iuliati“
814 2557 860 2610 sed
883 2557 917 2610 ad
946 2559 1081 2622 „imitere“
1109 2560 1198 2627 refert,

61 2645 234 2717 Propertium
251 2642 410 2698 Callimachi
428 2642 508 2695 Actia
526 2644 557 2694 ut
576 2640 671 2695 intlata
693 2642 890 2712 vituperantem
909 2644 981 2699 tacit.
1018 2646 1085 2714 Quis
1108 2652 1198 2702 auteur

10 2718 12 2729 ¹
64 2733 114 2788 sihi
127 2731 291 2803 persuadere
304 2732 403 2800 potest,
416 2732 525 2799 poetam
535 2727 562 2781 id
572 2729 720 2782 carminum
730 2745 814 2799 genus
826 2729 993 2785 Callimacho
1012 2733 1114 2787 crimini
1126 2735 1198 2802 dare,

67 2819 138 2891 quod
168 2835 198 2873 se
224 2817 313 2888 ipsum
340 2816 475 2871 imitatum
501 2831 561 2870 esse
592 2832 653 2869 cum
684 2816 867 2871 ostentatione
899 2817 1017 2887 quadam
1049 2822 1198 2890 profitetur.

64 2904 234 2976 Quamquam
253 2903 384 2973 Langium
401 2903 430 2958 id
450 2901 540 2967 „nullo
560 2902 640 2956 ruodo
660 2907 809 2957 moratum:
834 2906 915 2973 putat
933 2904 1011 2971 euim,
1030 2905 1200 2976 Propertium

10 2992 13 3023 ¹
63 2993 185 3048 carmina
212 2990 375 3060 aetiologica
402 2992 450 3044 aut
476 2993 567 3043 aetate
594 2988 703 3043 iuvenili
731 2988 885 3044 condidisse
912 3021 945 3046 -.
973 2992 1046 3062 quod
1070 2992 1200 3047 iudicium

10 3028 16 3167 ξ
63 3079 164 3135 falsum
181 3095 243 3134 csse
261 3093 295 3132 ex
313 3092 345 3131 eo
364 3075 438 3146 quod
456 3092 540 3147 supra
558 3076 801 3131 demonstravimus
820 3076 916 3143 elucet,
935 3108 968 3117 —
987 3082 1036 3132 aut
1054 3078 1076 3133 si
1104 3083 1202 3149 postea

10 3178 15 3235 t
63 3181 97 3220 ea
114 3164 245 3230 condidit,
264 3179 326 3216 eum
343 3161 472 3216 iudicium
490 3165 610 3216 incitasse
629 3166 655 3216 ct
677 3179 747 3232 quae
766 3168 847 3216 autea
865 3164 1006 3233 petiverat,
1036 3165 1200 3235 deseruisset.

10 3256 14 3265 '
63 3252 210 3323 atquohoc
228 3267 289 3304 curu
302 3249 363 3302 inde
376 3265 514 3319 apparere,
537 3250 610 3319 qued
629 3256 736 3318 praeter
759 3268 861 3319 {raucas
880 3249 941 3303 illas
962 3251 1049 3305 nullas
1068 3252 1199 3307 eiusmodi

65 3337 168 3410 elegias
187 3336 349 3406 composuit,
368 3339 426 3389 tum
444 3352 477 3388 cx
496 3335 542 3389 illo
562 3352 638 3389 versu
658 3336 687 3391 V.
708 3339 731 3402 l,
751 3337 796 3390 Ἧι

249 3420 253 3427 “
275 3440 330 3495 quo
348 3423 404 3477 rvris
423 3423 578 3493 imprudens
598 3439 666 3491 vage
683 3423 772 3478 dicere
790 3425 848 3478 t'ata
865 3423 996 3494 Properti.

12 3506 16 3571 ἶ
65 3508 120 3567 Sed
136 3510 207 3566 hacc
224 3513 384 3580 argornonta
400 3510 472 3564 omni
491 3510 517 3563 vi
541 3513 646 3575 carent3
675 3509 750 3576 illud,
780 3510 853 3580 quod
876 3512 960 3580 poeta
982 3527 1051 3581 opus
1075 3513 1203 3581 perficere

14 3604 20 3673 ζ
65 3600 152 3652 morte
163 3597 338 3667 praematura
349 3595 503 3665 prohibitus
516 3600 565 3663 est,
584 3597 645 3664 hoc,
664 3596 729 3668 quia
743 3613 777 3651 ex
790 3595 838 3650 illa
856 3595 981 3650 carminis
999 3596 1077 3666 primi
1097 3597 1203 3667 (lihl'.)

17 3684 23 3729 'r
66 3681 272 3739 continuatione
288 3680 383 3737 iocosa
400 3685 428 3736 et
445 3682 561 3737 ridicula
579 3683 645 3737 nihil
664 3685 730 3739 certi
751 3683 841 3753 colligi
861 3685 961 3753 potest.

168 3769 193 3840 ἵ)
211 3767 273 3823 Non
291 3768 390 3824 desunt
413 3772 511 3839 poetae
530 3769 625 3824 Graeci
651 3771 697 3841 qui
720 3772 859 3827 Romanas
887 3768 994 3825 fabulas
1023 3771 1202 3824 narraverint:

67 3872 120 3928 quo
133 3872 168 3912 ex
181 3870 293 3910 numero
305 3855 462 3910 nominandi
475 3859 539 3910 sunt
547 3856 632 3912 Butas
643 3889 675 3897 —-
686 3874 720 3912 ex
732 3874 786 3928 quo
798 3856 961 3911 Plutarchus
971 3855 1102 3911 nonnulla
1112 3858 1205 3912 hausit

24 3982 27 3991 .
67 3943 101 3997 de
126 3941 332 4012 Lupercalibus,
359 3941 495 3997 Arnobiue
523 3942 556 3996 de
579 3943 656 3997 Boua
673 3943 731 3998 Dea
753 3974 788 3982 -
810 3942 937 4014 simplus,
965 3943 1128 4016 Agathyllus
1156 3944 1203 4014 (cf.

25 4104 28 4109 .
66 4028 181 4101 Dionys.
199 4026 264 4083 Hal.
281 4027 302 4084 1.
312 4029 360 4101 49)
379 4029 478 4100 quihus
490 4029 586 4084 merito
600 4046 616 4084 a
629 4028 774 4085 Niebuhrio
794 4046 900 4083 summa
918 4029 1088 4100 neglegentia
1106 4046 1204 4100 expro-

67 4114 170 4171 bratur.
206 4111 288 4183 (utet.
307 4113 385 4174 Rom.
403 4113 436 4170 H.
455 4116 614 4186 ars-219.)
