2812 4688
548 1120 745 1239 Pars
782 1121 870 1238 ΙΙ.

253 1523 410 1601 Quoniam
443 1525 475 1588 in
510 1541 547 1587 eo
581 1530 639 1604 est,
673 1529 717 1604 ut,
753 1540 832 1606 quos
856 1534 1002 1592 auctores
1034 1528 1217 1613 Propertius
1252 1535 1284 1596 in

150 1628 283 1710 siugulis
305 1627 424 1692 fabulis
458 1624 647 1691 enarrandis
675 1626 822 1693 videatur
850 1637 977 1695 secutus
1004 1652 1083 1715 csse,
1112 1652 1283 1718 exponam,

150 1753 269 1813 magna
302 1733 423 1813 cautio,
457 1751 496 1794 ne
530 1732 646 1794 nimius
681 1732 741 1795 sim
772 1733 806 1796 iu
840 1732 1055 1816 disquirendis
1089 1739 1282 1822 auctoribus,

150 1836 227 1901 rnihi
244 1834 428 1901 adhibenda
443 1841 500 1900 est.
546 1831 630 1899 Nam
645 1834 816 1901 nonnullas
832 1857 883 1902 res
900 1839 932 1901 in
948 1841 1142 1905 carminibus
1165 1843 1280 1925 inesse,

151 1958 231 2023 quas
247 1959 357 2005 omues
373 1937 513 2004 eruditos
528 1937 673 2002 homiues
690 1940 771 2005 scire
787 1939 924 2023 deceret,
948 1950 982 2006 ut
1003 1960 1067 2005 nou
1090 1961 1169 2027 opus
1194 1954 1281 2009 essct

126 2074 129 2081 ·
150 2050 313 2110 auctorem
336 2043 434 2124 adiro,
459 2063 516 2128 per
538 2061 571 2106 so
595 2048 698 2127 patet3
727 2042 809 2109 alias
832 2050 939 2109 autern
960 2051 1090 2130 poetam
1111 2048 1279 2128 ingenium

150 2169 241 2214 suum
264 2155 408 2213 secutum
435 2145 626 2211 confinxisse
653 2145 704 2210 vel
726 2147 857 2231 ‘poetice
888 2165 1071 2231 exornasse,
1105 2151 1282 2217 verisimile

150 2260 207 2318 est.
263 2253 417 2316 Attamen
440 2251 518 2316 satis
541 2249 643 2314 multa
665 2251 697 2314 iu
722 2251 919 2316 carminibus
940 2252 1059 2333 insunt,
1094 2270 1177 2336 quae
1208 2275 1283 2321 cunr

149 2378 190 2421 ex
213 2356 285 2422 aliis
309 2354 517 2442 scriptoribus
540 2353 683 2419 hausisse
707 2354 886 2439 putandum
910 2363 967 2422 ost.
1013 2355 1082 2433 Qua
1109 2356 1156 2423 de
1184 2379 1284 2424 causa

150 2478 267 2543 operae
295 2461 433 2545 pretium
458 2457 584 2523 videtur
611 2478 690 2540 esse,
725 2457 802 2539 quid
829 2460 899 2541 ipse
928 2462 1095 2542 invenerit,
1131 2460 1209 2543 quid
1244 2460 1283 2527 de

152 2564 224 2628 aliis
247 2565 439 2647 repetiverit,
462 2564 633 2644 inquirere.

254 2683 325 2751 Non
348 2687 467 2774 mirum.
486 2691 544 2766 ost,
567 2683 767 2766 Propertium
791 2685 932 2748 maxime
955 2683 997 2748 ad
1013 2684 1190 2751 Varronem
1214 2705 1284 2751 sese

153 2788 349 2872 applicasse;
376 2789 461 2854 hunc
484 2791 570 2853 cuim
593 2808 666 2853 curu
689 2787 856 2852 Aetioruur
883 2787 1002 2851 librum
1030 2789 1284 2872 conscripsisset,

153 2911 215 2975 quo
252 2900 395 2958 veterum
429 2894 645 2958 institutorum
679 2893 836 2973 originem
869 2907 1047 2972 causasque
1082 2901 1284 2978 exposuerat,

153 2997 237 3080 apud
260 3004 384 3064 veteres
407 2999 550 3062 maxima
573 2997 766 3062 auctoritate
788 3016 882 3060 usum
904 3015 983 3078 esse,
1012 3002 1151 3063 testatur
1173 2997 1284 3064 Cicero

152 3100 253 3167 Acad.
270 3100 356 3167 Post.
372 3100 396 3166 I.
414 3100 444 3183 3,
460 3097 494 3165 9:
520 3119 594 3181 „nos
612 3101 645 3164 iu
661 3107 771 3164 nostra
786 3099 864 3164 urbe
880 3100 1115 3182 peregrinantis
1129 3103 1284 3168 errantis-

154 3222 214 3286 que
242 3212 408 3288 tamquam
435 3204 577 3287 hospites
604 3205 650 3290 tui
682 3202 757 3268 libri
791 3192 884 3284 q‘uasi
917 3201 1044 3268 domum
1079 3203 1286 3288 reduxerunt,

153 3317 188 3374 ut
209 3327 373 3392 possemus
396 3304 591 3391 aliquando,
619 3309 671 3389 qui
702 3314 734 3372 et
760 3307 815 3371 ubi
844 3327 994 3389 essemus,
1029 3326 1218 3388 agnoscere:
1252 3314 1287 3374 tu

154 3419 294 3478 aetatem
326 3415 464 3496 patriae,
498 3418 532 3476 tu
564 3410 795 3493 (descriptiones
829 3417 1019 3493 temporum,
1051 3416 1085 3475 tu
1120 3429 1286 3477 sacrorum

154 3517 233 3596 iura,
257 3523 290 3581 tu
307 3516 519 3597 sacerdotum,
542 3523 577 3580 tu
593 3514 813 3597 domesticam,
837 3521 870 3579 tu
895 3514 1047 3580 bellicam
1071 3513 1293 3597 disciplinam,

153 3627 187 3685 tu
199 3618 309 3685 sedem
319 3620 486 3702 regionum
497 3619 650 3701 locorum,
662 3624 697 3683 tu
709 3618 850 3683 omnium
864 3616 1045 3684 divinarum
1057 3618 1288 3684 humanarum·

155 3740 216 3804 que
231 3743 336 3788 rerum
348 3725 489 3805 nomina,
505 3743 634 3804 genera,
651 3722 770 3803 otticia,
787 3742 902 3788 causas
919 3723 1083 3805 aperuisti,
1101 3721 1288 3803 plurimum-

156 3844 216 3907 que
232 3825 317 3890 idem
337 3829 440 3908 poetis
464 3829 579 3892 nostris
603 3829 797 3907 omninoque
813 3826 939 3891 Latinis
963 3833 995 3890 et
1017 3826 1134 3891 litteris
1157 3826 1288 3891 luminis

156 3939 187 3994 et
220 3930 323 3995 verbis
358 3929 520 3994 attulisti‘.
580 3929 694 3997 Merito
729 3930 826 4010 igitur
862 3928 1013 3994 Varronis
1047 3931 1168 4011 scripta
1202 3927 1289 4012 apud

156 4052 276 4114 omues,
310 4033 364 4114 qui
397 4034 583 4115 antiquitati
610 4032 776 4098 Romanae
799 4031 982 4115 studebant,
1015 4033 1192 4098 maximam
1225 4033 1290 4101 vim
