2812 4688
565 321 780 391 ..38-

210 513 323 598 Itaque
348 511 496 597 equidem
518 531 572 579 eos
595 512 638 580 ad
653 513 775 579 fontem
798 515 1010 598 antiquiorem
1028 514 1136 581 redire
1160 517 1252 582 coni-

109 620 169 700 cio,
192 636 386 702 quamquam
409 638 482 682 eum
503 619 609 704 ipsum
630 615 776 683 indicare
799 617 1001 684 nonhabeo.
1013 617 1038 701 ¹)

211 720 364 786 Attamen
387 720 480 788 multi
507 721 568 786 loci
598 727 731 804 restant,
760 721 875 805 quibus
897 720 1082 808 Propertius
1110 744 1130 788 a
1153 721 1253 789 soda-

107 825 191 891 IIbus
213 823 371 891 dissentit.
405 825 473 891 Hoc
489 823 619 908 quidem
634 832 683 890 est
699 825 817 890 nullius
841 825 1003 908 momenti,
1027 825 1114 910 quod
1128 825 1254 892 foedis-

108 931 224 994 sImum
246 927 326 994 illud
349 935 527 994 monstrum
547 929 650 995 tribus
666 928 827 1014 capitibus
849 927 1032 1015 praeditum
1055 949 1126 995 esse
1150 929 1253 996 dicit:

264 1055 292 1097 r.
317 1029 373 1097 10.
397 1054 455 1119 per
477 1033 540 1097 tria
561 1033 662 1119 partit
664 1049 699 1098 οι
722 1034 775 1116 qui
798 1031 899 1098 dabat
886 1040 980 1098 tora
1002 1033 1091 1099 focos

209 1143 292 1203 etr
316 1133 371 1202 15.
395 1135 590 1202 Maenalio
582 1138 681 1202 iacuit
704 1135 848 1222 pulsust
850 1136 899 1201 ria
921 1143 1069 1255 tempora
1090 1157 1196 1203 ramo.

108 1218 221 1320 Quod
211 1261 317 1327 ipsum
338 1237 531 1306 confinxisse
546 1239 781 1305 verisimilet
733 1246 791 1323 est,
816 1238 936 1305 adduct
923 1246 992 1305 tum
1007 1241 1073 1306 sive
1097 1242 1255 1327 exemplo

109 1343 301 1431 Geryonist
303 1346 411 1431 ricipit
412 1344 502 1410 is—
526 1343 574 1409 illi
598 1345 682 1408 enim
705 1291 859 1410 Herdules
888 1343 984 1409 boves
1013 1345 1194 1430 eripuerat,
1219 1352 1257 1410 ut

111 1451 158 1514 ait
180 1449 342 1531 Vergilius
357 1447 444 1514 VIII.
460 1445 538 1512 202:

212 1553 398 1634 „tergemini
420 1571 499 1616 nece
522 1549 692 1636 Geryonae
715 1550 889 1637 spoliisque
912 1552 1083 1670 superbus‘⁴
1109 1588 1150 1596 -

109 1658 174 1722 sire
188 1657 308 1721 vicinia
323 1655 440 1722 Portae
463 1654 715 1738 Trigeminae,
738 1674 840 1741 prope
855 1676 951 1738 quam
974 1656 1023 1720 int
1025 1676 1059 1720 er
1010 1654 1255 1722 tHerculem

110 1767 142 1826 et
164 1759 286 1824 Cacum
307 1765 486 1846 pugnatum
509 1766 587 1824 erat.

212 1863 312 1929 Multo
335 1865 463 1946 gravius
486 1869 544 1946 est,
573 1885 593 1928 a
615 1862 782 1947 Propertio
804 1862 930 1928 nullam
958 1864 1156 1928 mentionem
1180 1861 1252 1929 fieri

109 1970 187 2052 eius,
210 1987 304 2052 quem
326 1965 413 2053 apud
436 1985 546 2033 omnes
570 1967 741 2052 scriptores
764 1967 856 2049 quasi
871 1968 992 2053 primas
1008 1973 1120 2053 partes
1136 1971 1249 2031 tenere

109 2071 263 2153 ridemus,
285 2070 357 2136 dico
372 2069 569 2136 Euandrum.
604 2069 697 2135 Hunc
715 2071 802 2136 enim
816 2069 988 2135 Herculem
1003 2072 1140 2135 comiter
1153 2088 1248 2136 aece-

109 2177 206 2262 pisse,
234 2173 319 2240 Caco
347 2174 516 2240 interfecto
545 2176 676 2241 summis
710 2173 860 2239 laudibus
893 2173 1062 2255 extulisse,
1098 2171 1250 2239 Herculis

110 2279 284 2344 honoribus
305 2277 404 2344 Aram
433 2278 609 2344 Maximam
636 2276 833 2360 condidisse,
862 2277 1026 2344 conditam
1051 2275 1182 2343 Potitiis
1211 2297 1252 2342 ac

110 2382 249 2448 Pinariis
283 2381 581 2448 ctonservandam
567 2380 749 2466 tradidisse,
778 2402 819 2448 ex
841 2381 983 2464 Vergilio
1011 2388 1044 2447 et
1075 2379 1168 2446 Livio
1198 2399 1253 2446 co-

110 2488 222 2568 gnosci
247 2493 305 2573 pot
306 2493 363 2552 est.
371 2485 397 2570 2)
442 2485 523 2553 Tant
510 2493 579 2553 utm
602 2492 658 2552 aut
659 2507 710 2552 em
733 2485 890 2569 abest,u
869 2485 1070 2572 ttuProper
1061 2505 1111 2550 ιιι
1133 2482 1253 2551 Eua-n

111 2590 234 2656 dmm
224 2597 273 2655 ιιι
260 2590 461 2673 ttroduca‚u
463 2596 610 2657 tcontra
632 2608 689 2676 pro
713 2588 865 2655 Euandro
888 2589 1009 2655 Cacum
1036 2588 1130 2654 illum
1152 2591 1253 2654 semi-

109 2694 273 2760 hominem
295 2715 368 2760 cum
390 2642 527 2760 Hercule
550 2695 667 2780 hospit
659 2712 689 2759 ιο
712 2696 918 2760 coniunctum
939 2693 1036 2758 fuisse
1059 2698 1191 2757 narret:

265 2794 295 2863 7.
320 2798 376 2864 sed
399 2816 464 2863 non
486 2796 586 2864 infido
609 2803 798 2864 manserunt
820 2797 946 2883 hospite
969 2797 1054 2862 Caco

316 2903 507 2969 incolumes:
531 2902 615 2968 furto
637 2902 754 2989 polluit
776 2903 832 2968 ille
855 2901 977 2967 lovem.

110 3005 204 3072 Unde
237 3011 334 3092 poeta
366 3006 452 3072 hanc
484 3008 601 3072 miram
635 3007 923 3072 commutationem
949 3003 1080 3069 fabulae
1108 3003 1255 3085 vulgaris

111 3111 263 3192 hauserit,
286 3111 431 3195 quaestio
454 3115 502 3176 est
525 3130 603 3176 sane
626 3107 777 3175 difficilis.
823 3107 886 3174 Sed
914 3106 1093 3174 cavendum
1121 3113 1187 3188 est,
1210 3127 1254 3173 ue

112 3231 343 3300 componamus
374 3227 450 3279 'cum
475 3212 642 3300 Propertio
670 3211 803 3279 Diodori
831 3212 929 3278 Siculi
958 3209 1013 3276 IV.
1036 3207 1094 3274 21:
1129 3207 1255 3284 Κάκιος

111 3316 166 3383 καὶ
192 3314 352 3402 Πινάριος
379 3313 531 3394 ἐδέξαντο
557 3314 614 3384 τὸν
638 3316 805 3401 Ἡρακλέα
829 3315 949 3391 ξενίοις
982 3310 1167 3395 ἀξιολόγοις
1199 3311 1256 3377 καὶ

113 3421 248 3504 δωρεαῖς
269 3420 518 3506 κεχαρισμέναις
546 3417 701 3507 ἐτίμησαν
706 3467 717 3500 ,
744 3441 817 3484 cum
839 3418 942 3485 Cacus
965 3418 1017 3484 hic
1040 3416 1151 3482 Potitii
1179 3417 1254 3482 loco

111 3523 260 3592 inductus
281 3524 453 3591 Herculem
475 3524 614 3607 benigne
636 3543 676 3589 ae
699 3526 832 3590 comIter
853 3523 999 3608 recipiat.

215 3678 237 3746 ι)
256 3677 338 3733 Haud
360 3677 453 3732 neseio
478 3694 512 3732 au
536 3676 680 3731 llerlrelius
700 3675 800 3745 (Ovidii
819 3674 894 3732 Fast.
915 3673 1033 3730 Praefat.
1056 3690 1082 3742 p.
1106 3673 1153 3743 82)
1178 3677 1256 3729 recte

114 3761 283 3832 iudicaverit,
305 3763 422 3819 Ennium
440 3763 536 3821 Ouidio
556 3761 680 3818 llereulis
699 3761 819 3818 fabulam
840 3760 960 3815 narranti
980 3759 1104 3828 exemplo
1122 3759 1217 3817 fuisse.

217 3851 239 3920 ἵ)
257 3850 311 3906 Alii
330 3851 429 3905 docent
446 3850 588 3905 Herculem
606 3850 696 3920 Ipsum
714 3849 755 3903 sui
774 3848 885 3903 honoris
904 3862 988 3901 causa
1005 3847 1088 3900 Aram
1105 3845 1256 3902 Maximam

113 3937 288 3993 constituisse
307 3952 418 4008 eamque
429 3936 538 3992 Potitiis
551 3940 579 3991 et
590 3936 705 3990 PinariIs
724 3935 751 3988 in
771 3937 910 3988 aeternum
922 3931 1076 3995 tradidisse,
1104 3931 1138 3988 ef.
1152 3931 1255 3988 Festus

112 4041 140 4096 p.
159 4024 224 4080 237:
244 4023 389 4091 ,Potitium
416 4026 444 4078 et
461 4023 597 4078 Pinarium
623 4021 753 4079 Hercules
771 4036 832 4075 cum
858 4019 893 4074 ad
920 4036 994 4073 aram
1021 4033 1091 4088 quae
1116 4018 1257 4090 hodquue

112 4109 232 4166 maxima
249 4109 412 4182 appellatur,
435 4109 567 4165 decimam
583 4109 683 4165 bovum
707 4123 775 4180 quos
794 4123 812 4162 a
830 4106 954 4178 Geryone
972 4103 1106 4159 abductos
1124 4103 1256 4175 abigebat

114 4196 206 4269 Argos
222 4196 251 4253 iu
267 4195 393 4269 patriam,
411 4195 593 4267 profanasset,
611 4211 696 4267 genus
714 4192 829 4251 sacrifici
847 4191 973 4248 edocuit“
992 4192 1042 4246 cte.
