2812 4688
506 334 720 405 ..29..

41 530 121 596 dum
148 549 232 611 esse,
261 531 358 594 etiam
387 526 529 594 Narekius
558 529 653 615 (Opp.
671 528 722 610 ll.,
744 552 775 615 p.
796 527 851 613 63)
879 530 1043 597 concedit:
1079 534 1180 612 „bene

40 636 158 721 inquit,
182 632 298 698 dicitnr
312 629 498 698 καυάκασσα
514 632 622 718 Scylla
639 629 705 698 Nisi
727 655 806 717 quae
824 655 880 699 surr
897 635 1031 702 libidine
1055 648 1182 724 patrem

41 737 188 826 perdidit
212 759 249 802 ac
273 736 440 823 produlia.
486 737 631 801 Alterum
655 738 810 819 fragmen,
834 738 918 821 quod
940 739 1027 825 apud
1049 740 1181 808 Snidam

41 844 220 910 invenitur:
257 842 467 926 »πορφυρέην
494 836 606 927 ἤμησε
633 841 748 924 κρέκα“
777 841 848 927 plns
876 844 998 910 confert
1021 843 1063 909 ad
1086 866 1182 928 qnae-

41 949 184 1014 stionenr
208 952 364 1026 nostram,
393 967 465 1009 cnm
496 945 574 1010 baeu
601 945 701 1011 rerba
724 945 888 1032 Propertio
912 947 1061 1034 exernplo
1085 949 1182 1014 fnisse

41 1048 100 1116 ll'.
120 1047 170 1132 19,
183 1047 239 1114 a2:

240 1133 393 1215 „tondens
416 1155 576 1220 purpurea
601 1156 701 1218 regna
723 1142 859 1221 paterna
883 1138 992 1202 coma“

43 1241 144 1309 facile
170 1239 384 1321 intellegatur.
439 1236 559 1303 Tamen
594 1257 657 1304 non
692 1237 844 1321 audeam,
879 1240 940 1306 lrao
974 1241 1182 1308 sinrilitudine

42 1348 158 1426 nixae,
195 1351 279 1408 certe
302 1350 458 1423 statuere,
493 1342 727 1409 Callimachum
756 1343 845 1409 illum
872 1344 984 1426 luisse,
1019 1345 1061 1410 ad
1089 1367 1183 1429 quem

44 1457 166 1537 poetae
181 1447 317 1512 Romani
342 1468 411 1513 sese
435 1448 680 1533 applicaverint.
723 1447 786 1514 Sed
809 1456 880 1514 utut
901 1458 959 1532 est,
984 1453 1062 1517 satis
1086 1451 1184 1516 babe-

43 1575 119 1620 mus
137 1551 297 1634 didicisse,
320 1551 532 1636 Propertium,
557 1574 628 1616 cum
652 1573 671 1617 a
695 1551 807 1618 sabula
830 1552 869 1617 de
893 1551 1030 1640 Tarpeia
1053 1555 1184 1637 vulgatu

43 1656 229 1737 recederet,
270 1663 492 1737 argumentum
532 1677 570 1719 ex
605 1655 731 1740 Scyllae
766 1657 914 1742 exemplo
949 1657 1073 1724 Graeco
1109 1680 1184 1726 eorr-

42 1762 246 1828 mmmm.

153 1882 233 1947 Sunt
249 1889 368 1964 autem,
391 1882 444 1965 qui
460 1880 617 1966 Propertii
634 1903 763 1948 carmen
787 1887 1006 1951 revocaverint
1029 1885 1071 1952 ad
1094 1888 1185 1953 illam

45 1985 186 2053 Nanidis
210 1985 355 2051 fabulam
371 2007 391 2052 a
406 1984 579 2051 Parthenio
596 1988 628 2051 in
645 1988 884 2054 narrationibus
900 1993 1066 2056 armatoriis
1083 1991 1184 2056 tradi-

46 2102 117 2158 tam
142 2089 197 2172 (εί.
221 2088 496 2156 llermesianactis
520 2091 557 2155 fr.
580 2089 630 2156 ed.
655 2091 744 2157 Baelr
767 2112 798 2178 p.
817 2089 909 2176 18⁴0:

198 2191 284 2277 Περὶ
306 2193 460 2267 Νανίδος.
503 2193 545 2256 Ἡ
566 2194 689 2279 ἱστορία
711 2192 802 2278 παρὰ
824 2196 995 2282 Λικυμνίῳ
1018 2198 1061 2282 τῳ

197 2297 268 2384 Χίῳ
290 2297 462 2383 μελοποιῳ
482 2296 537 2362 καὶ
555 2295 815 2385 Ἑρμησιάνακτι.
883 2368 887 2373 ,

38 2400 194 2486 Ἔφασαν
218 2402 258 2464 δι’
276 2422 362 2476 τινες
382 2400 437 2465 καὶ
458 2400 527 2489 τήν
540 2402 686 2487 Σαρδίων
706 2399 887 2486 α’κρόπολιν
909 2401 979 2468 ιίπδ
1000 2399 1109 2489 Κύρου
1130 2407 1188 2471 τοῦ

49 2507 194 2590 Περσοίν
216 2506 375 2590 βασιλέως
397 2504 536 2586 οἱλοίναι,
562 2503 752 2592 προδούσης
778 2508 835 2594 τῆς
862 2508 1002 2591 Κροίσου
1026 2507 1187 2593 θυγατρός

49 2609 206 2684 Νανίδος.
251 2606 370 2695 ἐπειδή
401 2608 460 2695 γὰρ
488 2608 676 2696 ἐπολιόρκει
702 2607 841 2694 Σάρδεις
871 2612 976 2694 Κύρος
1006 2611 1060 2677 καὶ
1089 2609 1187 2678 ούδέν

49 2712 141 2798 αύτῷ
164 2712 211 2788 εἷς
232 2711 354 2780 ἅλωσιν
382 2716 439 2802 τῆς
466 2711 598 2788 πόλεως
619 2711 838 2799 προύβαινεν,
861 2711 896 2779 ἐν
918 2715 1034 2802 πολλῷ
1061 2739 1095 2781 τε
1119 2718 1188 2782 δέει

47 2802 94 2909 ἦν
116 2817 164 2903 μή
188 2814 377 2903 α’δροισθὲν
399 2817 434 2882 νδ
452 2817 656 2902 συμμαχικόν
675 2819 776 2905 αὐτῆς
790 2819 834 2904 τῳ
849 2820 976 2906 Κροίσῳ
1000 2817 1188 2886 διαλύσειεν

46 2921 210 3011 adaperiri
226 2919 390 3007 στρατιάν,
411 2921 483 2989 τότε
498 2921 559 3010 τήν
575 2923 747 3009 παρθένον
763 2917 882 3009 ταύτην
906 2909 975 3003 εἶχε
990 2921 1084 3007 λόγος
1107 2924 1185 3010 περὶ

45 3027 232 3113 προδοσίας
255 3029 464 3114 revomebat·
486 3027 531 3112 τῷ
545 3023 640 3113 Κύρῳ
660 3025 689 3092 εἰ
708 3024 789 3092 κατὰ
807 3024 930 3108 νόμους
954 3029 1096 3112 Περσῶν
1119 3024 1189 3104 ἕξει

45 3138 182 3215 γυναῖκα
204 3127 317 3217 adreio,
331 3129 410 3197 καιδ
425 3130 484 3218 τήν
499 3127 613 3216 ἄκραν,
626 3129 772 3217 μηδενδς
787 3127 1013 3214 φυλάσσοντος
1028 3128 1188 3214 δι’ὀχυρό-

46 3256 129 3322 vura
143 3235 200 3299 τού
222 3236 357 3320 χωρίου,
381 3234 591 3316 εἷςδέχεσθαι
614 3231 689 3308 roric
711 3233 892 3314 πολεμίους
915 3233 1076 3318 συνεργῶν
1104 3231 1187 3320 urin]

45 3337 104 3405 καὶ
119 3334 228 3406 ἄλλων
242 3338 338 3403 τινοῖν
352 3340 546 3423 γενομένων.
580 3337 636 3404 uir
654 3340 766 3421 μέντοι
782 3338 888 3422 Κῦρον
902 3334 949 3424 μή
967 3334 1188 3420 ἐμπεδῶσδαι

47 3440 135 3530 αύτῇ
155 3442 216 3532 τήν
237 3441 431 3525 ύπύσχεσιν.

156 3564 219 3635 Sed
235 3586 430 3650 quamquam
446 3584 510 3630 non
527 3564 659 3630 dubium
676 3570 734 3647 est,
750 3565 825 3648 quin
841 3565 938 3629 etiam
952 3562 1031 3629 haec
1044 3564 1187 3629 narratio

48 3668 211 3756 Propertii
235 3671 370 3736 oarruini
394 3668 508 3735 similis
535 3670 591 3750 sit,
626 3674 736 3734 tamen
765 3687 805 3733 ea
833 3685 896 3731 non
924 3668 971 3732 ita
998 3675 1189 3753 comparata

49 3780 111 3857 est,
157 3781 192 3839 ut
230 3779 360 3859 poetam
400 3771 582 3838 Romanum
619 3778 706 3837 eerto
744 3770 849 3837 studio
887 3791 959 3837 eam
1004 3770 1188 3836 adhibuisse

50 3876 267 3945 demonstrari
291 3878 400 3964 possit.
447 3876 551 3960 Atque
576 3876 661 3941 aliae
688 3894 811 3958 qnoque
839 3873 970 3940 fabulae
996 3874 1092 3940 facile
1115 3896 1187 3939 cum

25 3980 191 4070 ·Tarpeia
222 3981 435 4068 Propertiana
469 3981 618 4065 covnponi
654 3985 801 4065 possunt:
836 3998 913 4043 uam
936 3978 1019 4044 tales
1049 3978 1187 4059 fabulae,

50 4086 167 4171 quibus
199 4087 289 4169 virgo
324 4085 433 4170 aliqua
467 4103 574 4150 arnore
608 4082 698 4149 ducis
732 4082 881 4166 bostium¹
899 4084 1031 4148 incensa
1058 4081 1097 4146 de
1125 4080 1187 4145 lide

50 4190 179 4275 patriae
213 4196 309 4274 atque
337 4188 442 4255 officio
477 4186 629 4271 decedat,
664 4187 730 4253 lere
764 4205 875 4252 omnes
907 4185 1043 4272 populos
1078 4192 1186 4250 tenere
