2812 4688
596 304 810 372 -32..

134 498 331 586 temporibus
358 497 583 563 celeberrimus
610 504 694 578 erat3
728 518 804 564 nam
839 499 937 564 etiam
965 498 1138 586 Dionysius
1170 503 1268 571 tradit

135 606 158 674 l.
176 603 231 671 57:
255 597 425 690 ταύτηνδι’
442 601 490 675 εἷς
513 596 570 683 ἐμὲ
593 600 652 689 τήν
668 601 794 688 ἡμέραν
808 601 971 683 Ῥωμαίων
993 603 1017 691 rp‘
1036 601 1136 679 πόλις
1152 594 1270 692 ἑορτῶν

135 710 292 793 οὐδεμιᾶς
313 704 430 795 ἥττονα
452 706 623 791 τιθεμένη,
646 707 724 770 καθ’
749 703 885 771 ἕκαστον
909 703 979 781 ἔτας
1005 704 1090 793 ἄγει,
1125 711 1270 776 καλοῦσα

135 815 288 901 Παρίλια.
311 832 412 895 neque
428 808 640 875 omittendum
662 816 719 890 est,
743 809 827 875 hunc
850 811 967 884 festum
990 811 1075 878 diem
1099 836 1120 879 a
1142 814 1269 881 Tibullo

134 939 257 1005 quoquc
278 938 304 983 c.
322 914 398 981 lib
422 916 571 979 maximis
594 912 743 980 laudibus
767 915 934 982 celebrari.
984 917 1087 1001 Atque
1105 940 1179 984 cum
1194 918 1269 986 Pro-

135 1026 255 1111 pertius
279 1020 397 1086 Palilia
420 1021 466 1084 ita
489 1017 655 1084 describit:

238 1141 289 1210 75.
314 1162 422 1208 arrnua
445 1147 611 1227 pastorum
635 1141 791 1223 convivia,
815 1141 902 1206 lusus
918 1144 950 1207 in
974 1143 1061 1224 urbe,

311 1268 384 1311 eum
407 1265 537 1331 pagana
560 1242 692 1309 madent
715 1245 837 1310 fercula
861 1245 986 1312 deliciis

311 1369 445 1433 cmnque
468 1369 564 1434 super
587 1367 675 1414 raros
698 1349 784 1414 faeni
808 1347 1005 1416 denimentis
1029 1372 1161 1416 aceruos

310 1455 418 1519 traicit
441 1450 622 1517 immundos
645 1453 735 1518 cirria
757 1453 852 1518 turba
875 1453 974 1539 pedes

134 1559 289 1628 accedero
313 1556 437 1622 videtur
459 1554 502 1621 ad
525 1554 640 1620 Tibulli
663 1578 692 1620 v.
709 1554 749 1623 ll.
766 1555 796 1638 5,
809 1555 865 1623 89:

310 1662 365 1727 ilie
387 1661 468 1726 leuis
491 1660 630 1746 stipulae
653 1660 805 1726 solemnis
828 1669 924 1747 potus
945 1681 1076 1728 acervos

310 1763 476 1846 accendet,
499 1761 647 1830 flannnas
670 1765 892 1849 transilietque
915 1766 1064 1850 sacras¹).

132 1875 319 1956 Congruunt
342 1891 416 1934 cum
439 1869 487 1934 his
515 1870 618 1953 poetis
646 1877 678 1934 et
700 1867 872 1953 Dionysius
895 1868 917 1933 Ι.
942 1865 999 1935 88:
1043 1867 1266 1953 Ῥωμύλος...

132 1972 296 2062 πυρκαϊᾶς
310 1972 374 2057 πρὸ
390 1973 452 2036 τῶν
469 1972 596 2057 σκηνῶν
614 1973 772 2054 γενέσθαι
792 1969 952 2046 κελεύσας
975 1970 1084 2055 ἐξάγει
1105 1973 1162 2042 τὸν
1181 1973 1265 2041 λεών

131 2079 187 2155 τὰς
202 2076 325 2164 φλόγας
341 2071 619 2159 ὑπερθρώσκοντα
635 2075 692 2163 τῆς
707 2073 874 2151 ὁσιώσεως
886 2077 948 2142 τῶν
965 2075 1157 2160 μιασμάτανν
1173 2076 1265 2145 ἕνεκα

132 2193 164 2250 et
186 2184 307 2249 Probus
335 2179 377 2247 ad
394 2180 486 2262 Verg.
509 2177 565 2244 Ge.
582 2177 637 2245 ΙΙΙ.
660 2178 692 2243 1:
719 2179 829 2259 „Pales
852 2179 913 2246 dea
936 2188 985 2247 est
1007 2190 1193 2268 pastorum,
1216 2186 1267 2250 cui

132 2288 218 2353 diem
245 2306 371 2351 sacrum
398 2284 567 2369 appellant
595 2283 717 2349 Parilia
744 2287 941 2370 transposita
973 2286 1095 2370 littera,
1131 2309 1214 2374 quae
1242 2290 1269 2354 si

132 2411 188 2457 uuo
211 2392 282 2456 loco
306 2395 399 2469 esset,
423 2389 527 2473 potius
543 2386 661 2453 Palilia
684 2386 876 2471 dicerentur,
906 2392 958 2473 qui
983 2390 1051 2456 dies
1074 2390 1195 2457 nat'aiis
1218 2399 1268 2458 est

133 2496 219 2561 urbis
241 2493 364 2558 Romae
391 2512 472 2575 quae
502 2515 521 2556 a
549 2492 732 2576 pastoribus
763 2500 812 2558 est
839 2493 979 2562 condita.
1029 2494 1130 2560 Huius
1159 2503 1268 2563 autem

133 2601 221 2664 cuius
244 2598 325 2663 deae
348 2603 433 2662 esset
454 2597 553 2661 ctiam
577 2596 654 2661 ritus
677 2595 831 2663 declarat.
875 2595 957 2665 Nam
981 2607 1013 2664 et
1037 2599 1126 2681 ignes
1151 2603 1267 2666 transi-

132 2704 224 2786 liunt,
242 2702 386 2768 accensis
403 2700 587 2766 stramentis
603 2718 689 2765 more
707 2702 836 2783 agresti,
850 2701 895 2766 ibi
911 2701 994 2767 hunc
1011 2701 1096 2767 diem
1112 2703 1267 2786 colentes,

130 2808 217 2874 lacte
241 2806 370 2888 bibant,
398 2806 452 2888 qui
480 2805 600 2869 fructus
628 2825 667 2869 ex
691 2824 806 2890 pecore
830 2804 980 2871 tollitur·“.
1025 2805 1201 2892 Utrumque
1226 2829 1266 2873 ex

130 2911 275 2978 Varrone
303 2908 443 2995 pendere
472 2909 643 2973 verisimile
670 2906 762 2990 esto.
819 2907 908 2984 Quod
940 2917 1048 2976 auteur
1078 2908 1264 2998 Propertius

131 3019 249 3082 madore
273 3017 303 3079 ri
331 3021 363 3079 et
390 3014 547 3096 gravitate
576 3011 710 3096 profert,
744 3010 865 3077 Parilia
892 3012 978 3079 diem
1005 3013 1151 3081 natalem
1177 3013 1263 3081 urbis

129 3121 251 3187 Ronrae
275 3139 357 3186 esse:

285 3223 355 3288 urbi
378 3222 477 3288 festus
500 3227 571 3286 erat
593 3257 634 3264 —
657 3218 767 3284 dixere
791 3217 909 3286 Palilia
931 3227 1040 3306 patres

284 3328 336 3392 hie
359 3327 480 3411 primus
503 3326 610 3410 eoepit
634 3324 800 3389 moenibus
823 3344 892 3390 esse
916 3360 956 3370 -
981 3324 1049 3391 dies

236 3583 257 3653 Ι)
277 3583 311 3641 ci.
330 3581 407 3637 Ovio.
429 3580 501 3637 Fast.
514 3579 557 3636 lv.
571 3579 635 3636 781:

309 3683 426 3740 moxque
445 3683 493 3738 per
510 3666 636 3721 ardentes
655 3665 774 3736 stipulae
792 3666 950 3736 crepitantis
969 3682 1080 3722 acerrae

310 3755 421 3810 traicias
440 3753 518 3808 celeri
538 3755 648 3807 strenua
666 3752 785 3807 membra
803 3751 879 3823 pede.

231 3842 256 3914 ¹)
274 3841 309 3900 cf.
328 3839 460 3906 ilueisen,
483 3839 666 3895 varronianae
690 3839 830 3894 doctrinae
852 3854 986 3910 quaenam
1009 3840 1034 3894 in
1059 3839 1147 3894 Ovidii
1174 3839 1266 3896 Fastis

129 3928 244 3998 vestigia
262 3929 378 3982 exstent.
396 3943 423 3997 p.
436 3927 478 3981 44.

229 4015 254 4087 θ)
273 4013 307 4068 ct
326 4011 405 4070 ovio.
423 4011 484 4068 Met.
504 4014 545 4079 14,
558 4012 621 4069 774ι
644 4012 776 4084 festisque
793 4011 924 4066 Palilibus
943 4013 1016 4068 urbis

556 4099 663 4154 moenia
681 4099 841 4154 conduntur.
