2812 4688
521 345 733 415 ..11..

54 538 199 605 maxime
232 536 416 624 Propertius
450 542 577 600 secutus
611 557 680 601 esse
714 534 854 617 videtur;
893 558 969 603 nam
1003 537 1194 604 Callimachi

55 642 203 727 hymnos,
227 642 279 725 qui
303 646 443 706 aetatem
471 640 622 721 tulerunt,
651 641 769 726 quippe
802 643 856 724 qui
889 641 1037 723 fulgeant
1069 662 1196 708 summa

53 744 237 812 subtilitate
260 744 436 825 doetrinae,
460 751 593 810 careant
615 751 724 809 autem
747 746 833 809 omui
856 746 1015 811 suavitate
1039 748 1194 811 sermonis

55 859 89 915 et
112 850 304 932 argumenti,
328 847 370 913 ad
393 847 551 933 Propertii
579 850 691 933 poesin
721 848 933 914 excolendam
961 868 1025 913 non
1059 850 1200 939 multum,

55 953 231 1019 contulisse
253 954 287 1016 iu
311 960 423 1037 aperto
447 960 509 1033 est3
533 955 712 1018 carminum
736 954 950 1034 elegiacorum
973 961 1091 1036 autem,
1113 974 1195 1038 quae

54 1058 127 1124 sola
146 1055 189 1123 ad
204 1065 348 1123 nostram
363 1059 585 1139 quaestionem
609 1059 785 1143 pertinent,
809 1064 934 1123 tantum
956 1065 991 1122 ut
1013 1058 1195 1140 fragmenta

55 1161 98 1228 ad
123 1167 234 1227 nostra
255 1169 403 1246 tempora
427 1162 646 1246 pervenirent,
671 1161 817 1227 fortunae
845 1162 963 1227 iniuria
990 1162 1112 1227 sactum
1136 1169 1192 1228 est.

160 1284 265 1366 Atque
303 1303 377 1346 eum
412 1283 551 1367 plurima
588 1301 697 1347 eorum
735 1284 864 1347 nomine
898 1281 1064 1347 detiorum
1101 1284 1194 1349 nobis

54 1385 179 1453 tradita
215 1386 297 1451 nihil
334 1387 396 1452 nisi
434 1405 597 1451 sacrorum
633 1387 713 1452 ritus
751 1393 808 1452 aut
851 1387 1034 1452 fabularum
1079 1407 1194 1454 causas

55 1491 260 1571 contineant,
297 1489 538 1570 Sohueirlerus¹l
576 1498 611 1554 ut
648 1489 883 1557 demonstraret
925 1509 1056 1576 operam
1094 1490 1193 1574 dedit,

54 1596 171 1660 ‘totum
198 1593 375 1675 elegiarum
412 1613 527 1679 corpus
565 1602 693 1680 praeter
732 1591 894 1659 ἐπινίκιον
929 1592 1115 1677 ἐλεγειακὸν
1148 1594 1195 1670 εἷς

54 1697 217 1781 lucifluos
254 1704 287 1763 et
323 1694 495 1779 πλόκαμον
528 1698 710 1783 Βερενίκης
744 1706 776 1763 et
809 1701 917 1782 siquas
950 1698 1035 1764 alias
1072 1699 1194 1782 elegias

56 1803 168 1869 oblata
202 1801 348 1867 sollemni
380 1800 492 1885 'aliqua
525 1803 694 1866 occasione
728 1809 826 1888 poeta
859 1804 1002 1888 scripsit,
1033 1805 1193 1867 communi

59 1906 171 1970 Αἰτίων
194 1907 323 1970 nomine
351 1906 617 1992 comprehensum
644 1907 751 1972 l'uisse’
776 1906 796 1971 i.
813 1928 840 1971 e.
858 1905 1049 1972 Callimachi
1073 1907 1193 1988 elegias

57 2028 118 2075 non
142 2009 287 2074 diversas
310 2009 407 2075 luisse
431 2031 451 2075 a
474 2010 670 2075 carminibus
694 2011 903 2092 aetiologieis.
939 2009 996 2074 Cui
1013 2012 1193 2076 sententiae

56 2112 264 2198 aDiltheyo,
287 2113 427 2195 Rhodio,
453 2114 597 2179 ltauchio
632 2115 788 2199 probatae
824 2115 905 2180 adeo
934 2133 997 2178 non
1026 2116 1192 2197 assentior,

55 2226 89 2283 ut
105 2218 212 2304 potius
227 2225 355 2283 secutus
369 2219 452 2283 viros
468 2217 578 2283 doctos
594 2219 632 2283 A.
649 2218 799 2302 Ottium²)
813 2227 845 2285 et
861 2217 898 2284 G.
914 2215 1113 2302 Langium³),
1138 2219 1191 2300 qui

54 2320 240 2387 Schneideri
257 2328 447 2402 argumenta
471 2321 567 2407 plane
582 2323 811 2405 refutaverunt,
828 2330 948 2411 putem,
965 2329 1033 2388 tam
1048 2322 1192 2388 diversas

54 2426 153 2491 luisse
170 2426 267 2490 Aetia
282 2424 473 2490 Callimachi
490 2426 531 2491 ah
548 2428 594 2491 eis
610 2427 730 2508 elegiis,
747 2428 862 2509 quihus
878 2428 977 2492 animi
991 2428 1039 2492 sui
1057 2425 1191 2492 affectus

55 2540 88 2597 et
101 2528 230 2595 dolores
249 2531 453 2615 exprimeret,
477 2546 574 2611 quam
597 2529 756 2614 Propertii
780 2533 926 2597 earmina
953 2530 993 2596 de
1016 2532 1192 2613 originibus

54 2634 211 2699 Romanis
226 2635 409 2718 conscripta
423 2634 464 2697 ah
481 2634 556 2715 illis,
573 2634 687 2715 ortibus
702 2633 859 2718 Cynthiae
875 2653 1018 2700 amorem
1031 2636 1191 2701 extulerit.

57 2740 105 2802 hu
138 2735 309 2802 credamus
341 2744 408 2802 tam
442 2738 654 2822 multiplicem
689 2759 727 2803 ao
756 2739 880 2803 varium
907 2746 1004 2819 atque
1028 2739 1191 2825 copiosum

57 2849 185 2927 poetam
208 2839 303 2905 modo
328 2857 410 2921 oriae
434 2842 507 2906 aliis
529 2842 618 2907 laeta
641 2863 680 2906 ae
702 2843 808 2907 tristia
831 2842 1023 2923 acciderint,
1046 2843 1191 2909 versibus

55 2945 262 3032 expressisse,
286 2963 359 3010 suos
393 2946 493 3030 ipsius
527 2944 660 3011 affectus
685 2944 885 3027 neglexisse?
929 2944 1033 3024 Quid?
1078 2943 1192 3010 Nonne

53 3049 186 3115 Ovidius
209 3056 340 3134 poetam
363 3049 538 3130 alloquitur
560 3049 651 3115 Trist.
670 3048 709 3116 ll.
734 3047 810 3115 367:

211 3191 271 3235 nee
292 3170 362 3254 tibi,
386 3170 547 3242 Battiade,
571 3173 682 3236 nocuit
705 3170 790 3252 <prul
813 3192 910 3256 saepe
933 3170 1053 3253 legenti

211 3272 346 3341 delicias
368 3296 460 3340 versu
483 3276 588 3341 fassus
612 3296 645 3341 es
668 3277 737 3361 ipse
760 3273 854 3341 tuas?

53 3396 113 3462 Hic
137 3416 220 3461 unus
243 3394 347 3461 Ovidii
370 3398 460 3463 loeus
488 3399 619 3464 maioris
646 3399 798 3463 momenti
827 3396 953 3463 videtur
981 3414 1078 3479 quam
1111 3395 1193 3461 illud

54 3499 173 3566 Suidae
196 3502 414 3566 testimonium
439 3523 459 3567 a
481 3501 675 3568 Schneidero
703 3502 848 3584 allatum,
884 3501 969 3584 quod
991 3503 1025 3566 in
1052 3500 1192 3567 Mariani

10 3646 12 3663 ι
55 3605 253 3689 metaphrasi
263 3602 406 3691 Ἑκάλης
419 3601 528 3686 ὕμνων
539 3605 594 3670 καὶ
605 3607 668 3671 τῶν
683 3605 792 3670 αἰτίων
803 3604 857 3670 καὶ
868 3605 931 3669 τῶν
944 3601 1193 3688 ἐπιγραμμάτων

10 3698 13 3719 '
54 3707 279 3773 desiderentur
317 3706 450 3791 ἐλεγεῖα.
511 3710 694 3795 Propertius
729 3718 836 3776 autem
871 3717 1076 3776 enarraturus
1114 3727 1193 3790 quos

160 3931 182 3999 ¹)
202 3929 384 3984 Callimaehea
402 3931 436 3987 ll.
454 3933 496 3988 35.

159 4015 184 4081 ²)
203 4015 276 4081 Otto,
295 4016 328 4071 de
347 4016 446 4072 fabulis
463 4017 648 4087 Propertiauis
667 4035 694 4087 p.
712 4021 736 4076 2.

157 4104 182 4171 ⁸)
202 4101 301 4173 Lange,
320 4103 353 4158 de
373 4104 531 4161 Callimachi
550 4105 645 4173 settis,
664 4122 690 4177 p.
708 4107 727 4160 4
744 4121 785 4177 sq.
