2812 4688
687 314 878 384 -8-

321 505 408 582 Quae
444 527 516 572 cum
549 507 597 572 ita
624 507 703 587 sint,
729 507 783 570 rix
812 526 880 571 esse
908 506 1049 586 videtur,
1074 527 1130 571 cur
1153 529 1357 590 quaeramus,

219 631 295 675 num
330 610 418 675 cuius
452 609 627 695 praecipuo
655 609 796 695 impulsu
823 609 1008 695 Propertius
1044 610 1166 692 elegias
1192 609 1358 678 Romanas

220 715 444 800 composuerit.
494 711 615 780 Tamen
638 714 784 779 nonnulli
808 713 894 778 docti
916 715 976 778 riri
1004 715 1187 799 perspicere
1210 717 1355 801 eupiunt,

221 841 241 885 a
268 816 396 903 quoad
429 817 504 883 illas
538 817 660 899 elegias
688 817 874 882 scribendas
903 816 1061 884 adductus
1091 820 1147 898 sit3
1185 818 1270 901 11111
1304 822 1356 884 rix

217 919 388 988 diiudicari
411 939 507 1006 posse
529 926 617 986 recte
640 919 867 1003 Zingerleius¹)
890 923 998 986 sensit.
1031 920 1122 998 Quod
1145 923 1230 986 cnim
1251 943 1355 987 semro

208 1032 251 1091 -et
278 1031 469 1108 argumenta
510 1024 686 1106 elegiarum
714 1024 899 1106 aVergilio
934 1029 966 1088 et
997 1046 1017 1088 a
1043 1023 1170 1090 Tibullo
1201 1025 1352 1110 pendent,

219 1148 282 1194 non
299 1129 379 1194 satis
402 1147 520 1194 causac
535 1128 680 1213 praebet,
696 1127 779 1211 quod
796 1130 860 1192 sire
878 1128 970 1193 huius
986 1130 1051 1193 siro
1067 1128 1153 1193 illius
1169 1129 1353 1213 exemplum

220 1231 427 1298 vindicemus.
460 1229 579 1298 Tamen
596 1250 660 1296 uon
677 1239 789 1297 contra
812 1251 865 1297 cos
889 1251 1007 1318 pugno,
1024 1234 1087 1315 qui,
1104 1253 1176 1296 cum
1198 1233 1233 1296 in
1249 1233 1356 1314 elegia

220 1338 340 1423 prima,
369 1357 452 1420 quae
487 1342 586 1421 eaput
619 1337 761 1422 corporis
794 1334 946 1400 habenda
974 1345 1036 1416 cst,
1065 1335 1168 1417 magis
1194 1333 1355 1400 Tibullum

112 1488 118 1501 .
221 1441 309 1524 sequi
331 1439 488 1522 videatur,
511 1439 567 1503 illo
591 1437 708 1504 Tibulli
733 1441 875 1503 carmine
898 1438 939 1521 11,
955 1437 974 1503 5
990 1437 1193 1524 Propertium
1215 1458 1354 1504 commo·

217 1551 284 1608 tum
308 1562 377 1608 esse
400 1541 521 1625 dicunt,
544 1548 580 1606 ut
603 1543 749 1608 carmina
770 1542 918 1607 Romana
944 1550 1109 1628 pangeret.
1155 1541 1354 1626 Quamquam

217 1644 383 1732 Gruppii²l
410 1645 653 1711 acerbissimum
676 1645 829 1711 iudicium
857 1647 986 1711 omnino
1021 1664 1085 1710 non
1114 1645 1230 1730 probo:
1277 1647 1354 1727 „Die

217 1747 397 1815 romiscbeu
430 1747 585 1830 Elegieen
623 1747 696 1814 sind
731 1749 811 1815 alles
845 1769 905 1814 nur
938 1749 1106 1817 schwache
1140 1746 1353 1832 Nachklange

212 1852 306 1937 jener
328 1849 546 1916 Tibullischen
567 1851 680 1934 Elegie
709 1873 752 1918 an
774 1852 994 1918 Messalinus.“

319 1954 426 2039 Atque
449 1974 528 2038 quas
551 1975 601 2020 ros
624 1955 809 2041 Propertius
833 1957 1036 2042 potissimum
1060 1958 1254 2022 carminibus
1275 1961 1350 2039 suis,

216 2077 349 2143 quorum
384 2060 458 2142 quin
491 2060 677 2124 continuam
705 2061 819 2125 seriem
849 2057 986 2124 condere
1014 2062 1046 2124 in
1075 2063 1182 2126 animo
1204 2061 1351 2127 habuerit

217 2164 340 2228 ratione
353 2163 448 2248 primi
460 2163 611 2228 carminis
624 2165 751 2248 penitus
762 2162 1070 2249 perspectadubium
1083 2185 1151 2230 esse
1164 2184 1226 2229 non
1237 2172 1352 2251 potest,

217 2264 416 2331 enarrandas
439 2266 501 2331 sibi
524 2267 739 2351 proposuerit,
762 2269 832 2352 ipse
855 2267 1108 2332 luculentissime
1132 2267 1313 2353 profitetur:

262 2367 298 2434 V.
317 2366 347 2452 1,
359 2367 414 2434 69:
439 2389 533 2436 sacra
548 2368 679 2453 diesque
695 2391 811 2436 canam
826 2371 1020 2452 cognomina
1034 2373 1141 2456 prisca
1156 2371 1299 2437 locomm

217 2490 330 2574 quibus
352 2490 457 2555 verbis
481 2489 706 2572 coniungenda
729 2500 812 2573 sunt,
836 2512 918 2576 quae
943 2499 1041 2558 antea
1064 2494 1297 2576 pronuntiavit:

371 2609 427 2676 55:
452 2614 580 2678 moenia
602 2631 740 2697 namque
763 2615 817 2698 pio
841 2633 938 2679 conor
960 2612 1130 2699 disponere
1154 2634 1256 2679 versu.

217 2731 336 2798 Tamen
359 2753 441 2816 quae
464 2732 593 2799 illorum
616 2736 794 2800 carminum
818 2737 900 2799 ratio
929 2741 1022 2816 esset,
1052 2754 1150 2819 saepo
1177 2735 1236 2799 riri
1265 2733 1354 2801 docti

215 2837 247 2901 in
276 2837 526 2903 controversiam
561 2836 773 2903 adduxerunt.
818 2837 1045 2903 Lachmannus
1069 2837 1198 2922 quidem
1222 2857 1352 2924 prorsus

216 2941 343 3023 erravit,
367 2960 440 3005 cum
462 2939 664 3026 Propertium
688 2942 788 3006 fastos
811 2941 1012 3006 conscribere
1036 2942 1182 3021 voluisse,
1207 2949 1352 3008 secutum

214 3043 306 3109 illum
324 3043 443 3109 Aulum
455 3043 624 3126 Sabinum,
649 3043 689 3109 de
712 3063 773 3128 quo
797 3043 927 3110 Ovidius
951 3045 1006 3127 (ex
1021 3045 1123 3111 Ponto
1140 3045 1194 3111 IV.
1212 3043 1263 3128 16,
1281 3045 1351 3129 tm:

370 3166 485 3249 quique
501 3185 593 3230 suam
609 3165 751 3251 Chrysen
768 3167 1053 3251 imperfectumque
1069 3167 1190 3232 dierum

372 3268 512 3335 deseruit
534 3269 631 3335 celeri
655 3277 756 3335 morte
780 3270 917 3336 Sabinus
940 3289 1021 3357 opus

215 3410 255 3454 ex
290 3391 400 3473 quinto
437 3389 520 3456 libro
555 3390 728 3473 colligeret.
779 3391 869 3469 Quod
903 3392 989 3457 enim
1023 3392 1177 3457 fastorum
1212 3394 1353 3457 maxime

215 3494 378 3578 proprium
404 3500 463 3574 est,
491 3500 595 3559 certos
630 3493 698 3560 dies
732 3498 911 3562 enumerari
947 3504 979 3560 et
1012 3496 1156 3575 tractari,
1186 3513 1223 3558 eo
1257 3495 1353 3559 modo

215 3615 276 3679 quo
311 3596 351 3661 ab
376 3596 488 3663 (lvidie
523 3599 643 3662 t'actum
678 3620 747 3664 esse
782 3601 916 3681 scimus,
943 3599 976 3664 id
1004 3601 1036 3663 in
1060 3599 1217 3684 Propertii
1242 3597 1352 3680 elegiis

215 3701 345 3764 minime
369 3699 413 3766 fit.
449 3701 512 3766 Sed
536 3724 575 3767 ne
599 3703 644 3767 eis
668 3701 796 3786 quidem
821 3705 988 3784 assentior,
1012 3704 1064 3785 qui
1087 3700 1352 3785 Luettjohannc³)

360 3887 427 3940 Ovio
446 3886 499 3938 und
520 3888 577 3940 sein
596 3888 765 3942 l'erlriiltniss
785 3905 816 3941 zu
837 3888 888 3942 den
907 3887 1080 3957 Vorgaogern
1100 3887 1118 3939 l.
1139 3887 1196 3938 121.

360 3972 409 4026 Die
427 3972 561 4025 romische
580 3973 672 4043 Elegie
691 3991 717 4043 p.
736 3974 794 4030 317.

361 4058 607 4112 Commentationes
626 4058 820 4128 Propertianae
838 4077 864 4130 p.
883 4060 925 4116 47.
