2812 4688
660 301 874 371 ..60-

214 496 256 561 ll.
275 495 306 579 5,
322 493 373 562 39.
396 497 533 581 impiger
556 496 678 578 Aenea,
700 494 866 560 volitantis
889 493 989 560 irater
1010 493 1148 577 Amoris,

394 599 507 664 Troica
530 601 583 684 qui
606 599 785 686 profugis
808 618 901 664 sacra
923 598 1011 664 vehis
1033 599 1168 682 ratibus,

391 705 455 768 iam
480 704 539 769 tibi
561 703 739 769 Laurentes
763 701 914 784 adsignat
937 701 1090 788 luppiter
1112 722 1219 786 agros,

392 809 456 872 iam
480 815 576 872 vocat
603 815 785 873 errantes
807 806 936 892 hospita
958 811 1045 872 terra
1067 806 1181 875 lares,

193 912 347 977 Aeneidis
371 919 480 977 autem
502 913 555 976 vix
579 918 628 977 est
650 910 734 977 ullus
756 911 847 991 liber,
875 928 937 994 quo
965 910 1050 975 hane
1077 929 1147 977 esse
1174 930 1345 977 summam

194 1014 326 1081 laudem
349 1014 497 1097 Aeneae,
532 1014 615 1099 quod
643 1036 683 1079 ex
717 1013 866 1080 incendio
889 1012 1002 1080 Troiae
1036 1013 1113 1080 deos
1147 1018 1338 1098 serarverit,

192 1139 256 1184 nou
280 1119 495 1205 praedicetur.

237 1224 276 1289 of.
295 1222 347 1290 Vl.
366 1221 421 1288 66:
706 1242 770 1286 non
795 1221 941 1316 indebita
964 1241 1061 1308 posco

443 1348 544 1409 regua
567 1328 646 1391 ineis
669 1326 755 1408 fatis,
778 1325 871 1391 Latio
896 1325 1063 1392 considere
1088 1325 1238 1410 Teucros,

445 1432 690 1513 errantisque
714 1429 805 1496 deos
829 1430 1016 1514 agitataque
1039 1431 1173 1496 numina
1194 1429 1322 1498 Troiae.

190 1537 230 1602 ef.
253 1544 424 1622 praeterea
447 1534 470 1600 l.
488 1533 517 1600 6.
542 1530 594 1600 68.
611 1531 684 1616 378,
709 1528 856 1617 111149,
879 1531 933 1599 lV.
952 1531 1026 1616 598,
1049 1533 1088 1600 V.
1105 1531 1170 1599 632
1185 1541 1248 1602 etc.

295 1639 368 1706 ‚lam
400 1645 476 1704 ante
499 1637 624 1703 Troiam
653 1636 795 1704 deletam
825 1637 902 1704 deos
924 1637 1047 1704 Romae
1075 1636 1270 1705 condendae
1295 1639 1346 1706 la-

196 1747 289 1826 visse,
306 1743 498 1809 documento
515 1762 584 1807 esse
600 1741 707 1807 fausta
722 1743 832 1807 omina
846 1740 1033 1827 Propertius
1048 1742 1142 1809 docet
1152 1764 1181 1809 v.
1192 1740 1344 1809 41-44:

286 1851 351 1915 iam
374 1847 456 1912 bene
479 1845 685 1932 spondebant
707 1852 784 1911 tunc
807 1847 925 1926 omina,
949 1845 1033 1930 quod
1057 1845 1137 1911 nihil
1159 1845 1254 1913 illam

283 1954 425 2018 laeserat
449 1951 577 2033 abiegni
601 1956 711 2016 venter
735 1958 865 2035 apertus
888 1951 960 2033 equi
974 1948 1007 2033 ¹),

283 2077 357 2121 enm
381 2061 475 2141 pater
497 2056 530 2119 in
553 2055 642 2136 gnati
666 2053 811 2139 trepidus
835 2055 959 2119 ceruice
974 2053 1134 2140 pependit

281 2167 314 2225 et
340 2162 446 2225 verita
469 2165 517 2225 est
539 2176 665 2223 umeros
688 2178 779 2222 urere
802 2155 935 2223 flamma
956 2159 1037 2244 pios.

195 2265 246 2331 lta
269 2264 433 2346 Vergilius
457 2281 580 2346 quoque
603 2262 711 2343 fugam
735 2260 872 2336 Aeneae,
890 2260 1063 2328 describit:

215 2365 349 2434 11632.
380 2365 538 2432 descendo
563 2387 600 2431 ac
625 2365 761 2431 ducente
784 2365 845 2431 deo
868 2363 1034 2431 flammam
1056 2367 1140 2432 inter
1162 2372 1194 2432 et
1216 2366 1329 2435 hostes

382 2468 545 2556 expediet,
569 2469 649 2535 dant
670 2470 738 2535 tela
763 2468 870 2535 locum
897 2467 1110 2554 flammaeque
1143 2468 1340 2552 recedunt.²)

193 2577 296 2659 Atque
326 2596 397 2639 cum
420 2571 604 2660 Propertius
632 2573 759 2656 singula
785 2594 980 2658 persequens
1008 2581 1170 2640 enumeret
1204 2577 1341 2641 uoruina

193 2682 345 2760 heroum,
370 2678 483 2763 quibus
507 2677 662 2743 debeatur
682 2678 786 2759 gloria
811 2677 1018 2764 reipublicae:

349 2791 427 2848 tuuc
451 2783 550 2847 animi
573 2801 689 2846 venere
712 2780 802 2846 Deci
827 2780 1010 2864 Brutique
1033 2801 1198 2863 secures,
1225 2838 1228 2843 .

350 2889 438 2953 vexit
462 2888 587 2973 etipsa
611 2887 658 2950 sui
682 2884 829 2950 Caesaris
853 2906 943 2951 arma
965 2885 1075 2950 Venus

195 2992 337 3075 sequitur
359 2990 533 3056 Anchisem
557 2988 643 3075 apud
666 2987 844 3070 Vergilium
866 2989 1147 3075 praenuntiantem
1174 2990 1340 3070 magnitu-

197 3093 304 3159 dinem
328 3094 463 3160 Rornae:

217 3198 270 3263 Vl.
287 3195 350 3263 818
389 3198 501 3263 ultoris
525 3196 631 3261 Bruti
656 3196 858 3280 fascesque
881 3196 989 3262 videre
1013 3193 1183 3281 receptos?

288 3298 353 3366 824
393 3304 468 3386 quin
492 3300 630 3365 Decios
652 3299 834 3384 Drusosque
856 3301 969 3386 procul
992 3320 1182 3384 saevumque
1208 3302 1315 3367 securi

393 3407 504 3491 aspice
527 3403 720 3486 Torquatum
743 3411 803 3469 etc.

297 3736 319 3804 ¹)
339 3735 444 3805 Equum
463 3735 581 3804 ligneum
599 3734 756 3804 Propertius
775 3736 967 3788 commemorat
984 3732 1027 3787 lV.
1041 3735 1066 3798 1,
1078 3732 1124 3788 25:

399 3839 461 3875 uam
482 3823 542 3892 quis
561 3839 631 3893 equo
650 3821 744 3892 pulsas
763 3821 877 3891 abiegno
896 3824 1020 3875 nosceret
1038 3835 1122 3876 arces.

234 3908 280 3966 lV.
293 3910 317 3975 9,
331 3911 377 3964 41:
397 3909 503 3963 bloenia
521 3926 581 3963 cum
601 3910 683 3964 Graio
702 3908 840 3979 Neptunia
861 3908 962 3978 pressit
979 3909 1070 3962 aratro

398 3997 484 4050 victor
501 3996 641 4051 Palladiae
660 3997 765 4067 ligneus
784 3996 851 4050 artis
870 4010 963 4065 equus.

293 4086 315 4151 2)
334 4082 419 4137 Totus
432 4082 475 4138 hic
490 4084 565 4137 locus
578 4082 756 4138 conferendus
769 4085 811 4137 est
824 4098 885 4136 cum
897 4080 1003 4135 Horatii
1017 4097 1040 4135 c.
1053 4079 1153 4136 saecul.
1173 4096 1197 4136 v.
1215 4077 1333 4138 37-44·

84 4350 294 4412 Πί-η,
330 4406 335 4411 .
