2812 4688
592 372 808 441 ..48-

133 568 335 652 μεμιγμὲνην
349 566 389 652 τῇ
404 566 565 630 Λατίνων·
593 563 638 640 οἷς
653 562 799 651 δ’ἕτεροι,
822 562 903 640 Διός
919 563 1005 631 ε’στνυ
1020 566 1044 654 ἦ
1059 571 1278 653 προσωνυμία

131 669 453 754 κεραυνοβολοῦντος.
487 667 521 735 τὸ
536 666 595 752 γὰρ
609 665 742 736 τύπτειν
761 675 875 754 φερῖρε
890 669 923 735 οἱ
935 667 1087 752 Ῥωμαῖοι
1104 672 1277 743 κολοῦσνυ.

133 769 230 841 ἄλλοι
258 769 294 839 δὲ
321 770 411 859 παρὰ
438 770 497 861 τήν
523 774 582 839 τοῦ
606 773 756 855 πολέμου
783 769 913 860 πληγήν
939 775 1104 857 γεγονέναι
1130 771 1278 862 τοῦνομα

133 880 291 962 λέγουσιν,
324 877 379 943 καὶ
404 873 464 961 yolo
491 873 527 942 ἐν
554 885 621 951 τοῖς
646 872 767 960 μάχαις
792 873 869 943 ὅταν
898 873 1037 944 διώκωσι
1070 876 1146 956 τούς
1172 883 1277 949 πολε-

132 983 236 1065 μίους,
259 979 385 1048 πυκνὸν
407 980 442 1046 τὰ
466 982 556 1066 φέρι,
580 983 721 1047 τουτέστι
742 987 837 1063 παῖε,
860 984 1082 1067 παρεγγυῶσιν
1104 983 1276 1075 adheidem.

236 1086 442 1153 Plutarchum
458 1093 566 1152 autem
582 1107 622 1152 ex
637 1085 782 1151 Varrone
806 1084 947 1170 pendero
969 1087 1062 1154 uobis
1077 1091 1145 1156 iam
1161 1093 1278 1178 explo-

133 1197 240 1257 ratum
262 1199 324 1272 est3
348 1190 404 1256 sed
427 1190 487 1255 hoo
510 1209 574 1254 non
598 1188 878 1277 praetereundum,
901 1189 1110 1259 Plutarchum
1127 1193 1278 1274 Varrone

133 1295 181 1360 ita
203 1314 295 1361 usum
318 1315 398 1377 esse,
421 1302 457 1360 ut
480 1293 522 1360 ad
545 1292 682 1364 dubae¹l
705 1294 821 1359 librum
846 1293 886 1358 de
909 1291 1103 1381 ὁμοιότησιν
1125 1318 1165 1364 ex
1191 1299 1277 1367 Var-

134 1417 210 1464 rone
233 1399 382 1465 baustum
406 1398 519 1465 adiret.
565 1397 667 1464 Varro
692 1399 788 1479 igitur
809 1416 927 1463 nomen
946 1398 1116 1479 „FeretriP‘
1139 1411 1277 1472 revocat

134 1510 189 1568 aut
222 1502 264 1568 ad
298 1502 429 1567 verbum
453 1501 621 1582 „feriendi‘
656 1509 712 1567 aut
739 1500 781 1567 ad
814 1501 947 1567 verbum
981 1503 1150 1589 ‚,ferendi“‚
1185 1506 1276 1591 quod

132 1605 238 1692 spolia
260 1607 369 1693 opima
390 1605 577 1671 ferebantur
603 1605 730 1672 feretro.
775 1604 828 1670 Ad
856 1626 929 1670 enm
951 1606 1154 1693 Propertium
1181 1631 1277 1678 revo-

133 1709 272 1776 candum
296 1730 364 1776 osse
387 1717 473 1775 reete
496 1711 615 1775 sentire
643 1709 735 1774 nobis
757 1706 917 1791 videmur,
942 1730 1014 1777 cum
1042 1713 1090 1778 ita
1116 1711 1274 1782 disserat:

154 1811 211 1879 45:
805 1832 904 1878 causa
927 1811 1062 1895 Feretri,

236 1920 341 1983 omine
364 1916 449 2001 quod
472 1925 558 1983 certo
579 1914 644 1981 dux
667 1916 759 1982 ferit
781 1937 857 1982 ense
880 1916 1009 1999 duoem3

239 2043 305 2104 seu,
329 2023 404 2106 quia
425 2023 511 2087 vieta
534 2022 599 2087 suis
622 2022 739 2087 umeris
761 2021 843 2088 haec
866 2043 958 2088 arma
979 2023 1167 2107 ferebant

236 2126 310 2216 hinc
333 2125 457 2192 Feretri
479 2124 568 2191 dicta
591 2133 640 2190 est
662 2146 720 2191 ara
743 2125 882 2211 superba
905 2124 1003 2192 lovis.

132 2230 237 2296 Aliter
259 2229 387 2314 quidem
403 2228 525 2294 iudicat
540 2227 655 2294 Festus
672 2250 702 2315 p.
720 2227 777 2295 92:
803 2227 982 2309 „Feretrius
997 2228 1149 2317 Juppiter
1164 2230 1274 2301 dictus

132 2355 153 2398 a
174 2333 305 2399 ferendo
322 2333 406 2418 quod
422 2354 536 2420 pacem
559 2333 640 2398 ferre
659 2340 839 2419 putaretur3
864 2353 903 2399 ex
920 2335 1010 2398 cuius
1026 2335 1148 2420 templo
1164 2355 1275 2402 sume·

133 2438 211 2503 bant
244 2445 406 2524 sceptrum
434 2458 491 2523 per
518 2435 602 2522 quod
629 2439 782 2519 iurarent,
816 2443 849 2503 et
881 2436 1027 2523 lapidem
1060 2438 1185 2504 silicem
1209 2459 1274 2524 quo

131 2540 243 2608 foedus
270 2542 428 2607 ferirent‘.

234 2645 326 2712 Hanc
354 2647 553 2732 opinionem,
582 2665 677 2728 quam
704 2643 836 2710 Festum
864 2665 903 2710 ex
928 2645 1040 2710 Verrio
1063 2643 1185 2711 Flacco
1215 2646 1275 2715 de·

131 2751 326 2837 prompsisse
337 2748 515 2836 putandum
528 2755 588 2830 est,
602 2747 770 2835 Propertio
783 2749 926 2830 ignotam
937 2749 1036 2815 luisse
1048 2751 1113 2814 veri
1126 2749 1274 2834 aliquam

130 2853 229 2920 habet
263 2854 413 2940 speeiem.
469 2852 621 2919 Fortasse
658 2851 734 2917 inde
768 2851 960 2918 concludere
993 2852 1085 2936 licet,
1119 2852 1274 2922 Verrium

130 2956 286 3023 Flaccum
312 2960 443 3023 omnino
470 2976 534 3022 non
563 2979 584 3022 a
606 2955 771 3042 Propertio
806 2956 839 3020 in
872 2968 965 3021 usum
996 2962 1147 3023 vocatum
1181 2966 1272 3042 esse3

131 3061 215 3145 quod
243 3083 321 3128 sano
350 3083 406 3148 per
433 3069 614 3146 temporum
641 3061 785 3126 rationes
808 3058 877 3125 lieri
900 3079 963 3124 non
986 3062 1106 3146 potuit,
1131 3063 1273 3130 sirecte

130 3166 253 3232 iudicat
287 3165 461 3232 Merkelius
495 3163 565 3248 (Ov.
594 3163 683 3230 Fast.
712 3164 813 3250 praef.
830 3184 861 3249 p.
879 3161 946 3247 94),
980 3162 1136 3230 Flaccum
1168 3164 1273 3234 libros

131 3270 170 3336 de
198 3270 379 3352 significatu
401 3270 570 3335 verborum
596 3275 749 3353 provecta
777 3274 883 3333 aetate
914 3269 946 3332 in
974 3268 1079 3333 lucem
1113 3266 1272 3353 edidisse3

131 3395 324 3457 quamquam
351 3375 450 3439 etiam
477 3372 604 3437 lllirllcri
632 3370 674 3453 (F
676 3382 734 3438 est.
751 3373 852 3457 praef.
869 3393 899 3458 p.
917 3367 975 3454 29)
1004 3372 1165 3439 sententia
1195 3393 1272 3460 pro-

132 3477 219 3559 bata,
242 3477 341 3543 libros
357 3476 467 3543 Flacci
492 3476 589 3562 paulo
613 3482 685 3562 post
702 3497 731 3541 a.
747 3473 810 3541 735
834 3475 936 3542 editos
960 3495 1039 3558 esse,
1064 3474 1272 3560 Propertium

130 3601 184 3646 eos
208 3581 392 3647 adhibuisse
420 3600 484 3644 non
507 3580 675 3664 probabile
704 3586 762 3662 ost,
792 3602 864 3644 cum
887 3587 985 3666 poeta
1012 3580 1047 3643 in
1070 3580 1272 3649 carminibus

130 3684 283 3750 Romanis
307 3693 501 3773 occupatum
523 3685 619 3750 t'uisse
642 3705 699 3771 per
722 3706 752 3748 a.
775 3681 925 3749 roll-38
947 3683 1120 3750 verisimile
1142 3685 1194 3751 sit.

233 3858 256 3927 ¹)
275 3855 380 3920 iubam,
399 3853 582 3909 Mauretaniae
600 3870 696 3924 rogem,
719 3852 832 3908 multum
851 3854 980 3924 temporis
999 3854 1103 3908 Romae
1121 3854 1270 3923 versatum,

129 3943 245 3997 maxime
257 3943 345 3996 nisum
358 3941 384 3994 in
397 3940 525 4007 Varrone,
543 3939 619 3996 libris
638 3940 702 4008 suis,
721 3957 836 4011 quorum
849 3956 1003 4011 perpaucae
1015 3938 1147 4010 reliquiae
1159 3943 1270 3996 tantum

129 4033 247 4096 exstant,
270 4045 357 4083 mores
380 4032 462 4099 atque
484 4027 611 4082 instituta
633 4028 817 4084 Romanorum
839 4030 866 4082 et
885 4028 1050 4081 Graecorum
1080 4026 1270 4097 composuisse

129 4119 224 4172 notum
241 4118 291 4173 est.
327 4114 361 4175 cf,
374 4114 466 4170 Barth.
484 4113 501 4170 l.
522 4130 544 4169 c.
